2950 5017
508 926 550 975 6

580 456 739 544 (340

1114 453 1193 521 C.
1248 445 1586 519 PLINII
1643 445 1856 516 NAT.
1914 447 2162 516 HIST.

582 602 833 685 guntur
846 586 1022 654 inter
1057 607 1129 652 se
1150 584 1375 651 Imaus
1386 565 1463 668 ³³,
1485 576 1818 662 Emodus,
1837 567 2306 672 Paropami'sus
2321 631 2340 666 ‚
2355 580 2715 666 Caucasus,

584 681 686 766 a³⁴
702 691 943 788 quibus
960 703 1101 760 tota
1125 687 1421 758 decurrit
1446 688 1516 756 in
1544 682 1886 780 planitiem
1911 686 2301 754 immensam
2319 700 2426 774 ,et
2437 687 2718 782 AEgypto

588 798 888 872 similem.

691 908 947 975 Verum
967 915 1045 971 ut
1064 883 1388 970 terrena³⁵
1407 896 1888 966 demonstratio
1913 894 2351 991 intelligatur,
2371 895 2724 967 Alexandri

572 1011 823 1108 'Magni
868 1007 1161 1102 vestigiis
1198 1004 1592 1075 insistamus.
1636 1003 2014 1097 Diognetus
2049 1017 2118 1071 et
2149 1005 2382 1072 Baeton
2417 1004 2725 1073 itinerum

586 1118 731 1213 ejus
764 1137 1137 1199 mensores,
1176 1112 1538 1205 scripsere,
1579 1131 1621 1176 a
1653 1109 1864 1202 portis
1905 1109 2164 1202 Caspiis
2195 1109 2728 1205 Hecatompylon

589 1223 989 1295 Parthorum
1009 1272 1028 1307 ‚
1046 1201 1269 1313 quot³⁶
1287 1215 1574 1285 diximus
1591 1212 1794 1283 millia
1819 1239 1964 1284 esse
1985 1240 2001 1283 :
2020 1213 2174 1283 inde
2195 1212 2664 1285 Alexandriam
2677 1200 2727 1256 ³⁷

587 1331 831 1416 Arion,
881 1349 1083 1421 quam
1120 1323 1354 1393 urbem
1398 1323 1453 1390 is
1500 1345 1613 1389 rex
1654 1320 1987 1406 condidit,
2045 1305 2327 1390 Dva1³⁸
2361 1320 2528 1391 mill.
2568 1321 2731 1392 Inde

589 1435 673 1505 ad
692 1415 1265 1529 Prophthasiam³⁹
1293 1431 1725 1521 Drangarum
1759 1449 1967 1498 cxcix
1993 1424 2156 1496 mill.
2185 1426 2352 1496 Inde
2387 1427 2476 1496 ad
2488 1416 2543 1459 ⁴⁰
2561 1431 2734 1498 Ara·-

590 1705 711 1762 pag.
738 1703 849 1756 991
876 1721 893 1750 ,
934 1681 1010 1736 sic
1036 1681 1284 1733 immutat
1304 1716 1321 1744 ,
1360 1703 1384 1726 ι
1418 1677 1616 1767 Gentes

592 1780 671 1822 est
720 1766 988 1834 urbesque
1034 1775 1319 1813 numerare
1345 1794 1363 1818 ,
1411 1755 1455 1809 si
1497 1773 1618 1827 quis

584 1863 781 1901 omues
808 1840 1057 1915 persequi
1075 1838 1205 1891 velit
1238 1863 1263 1885 ι
1287 1875 1303 1902 ,
1328 1854 1426 1889 nec
1455 1834 1618 1888 Plinii

592 1926 797 1998 stylum
811 1922 977 1993 sapit,
990 1937 1089 1973 nec
1110 1928 1343 1970 mentem
1366 1914 1528 1987 capit.
1543 1914 1614 1966 Η.

676 2003 771 2058 33.
799 2003 977 2054 Imaus.
1006 1997 1255 2068 Cingitur
1280 1996 1391 2049 fere
1417 1993 1620 2047 monti-

592 2087 695 2139 bus
714 2079 871 2135 India
896 2099 913 2136 ι
943 2075 1144 2133 claudit
1158 2079 1337 2128 Imaus
1356 2075 1423 2127 ab
1442 2071 1620 2144 Aqui·

594 2165 723 2218 lone
755 2180 769 2214 :
816 2158 1088 2224 Emodus,
1126 2173 1159 2208 a
1193 2152 1576 2227 septemtrione
1603 2169 1620 2204 τ

596 2239 993 2312 Paropanisus,
1020 2255 1053 2290 a
1084 2235 1262 2289 Coro:
1288 2252 1318 2287 a
1346 2233 1584 2286 Favonio
1602 2268 1621 2298 ,

594 2324 879 2378 Caucasus.
910 2315 1093 2368 Ham).

680 2401 778 2463 34.
805 2398 860 2451 A
892 2395 1061 2470 quibus
1082 2405 1205 2446 tota.
1232 2389 1602 2445 India-Hann-

681 2479 776 2535 35.
815 2478 1050 2530 Ter-mna.
1096 2471 1311 2526 Itineris
1348 2469 1625 2524 terrestris.

594 2557 781 2612 mm.

680 2637 776 2691 36.
807 2636 945 2704 Quot
968 2633 1193 2685 dirimas.
1218 2631 1353 2700 Cap.
1381 2647 1474 2698 17.
1501 2625 1570 2680 Η.

680 2716 775 2787 37.
799 2712 1159 2768 Alexandriam
1173 2711 1354 2764 Arion.
1370 2707 1492 2760 Hoc
1521 2717 1628 2772 est,

596 2797 669 2850 in·
703 2795 832 2849 Aria
876 2790 1149 2846 conditam
1172 2827 1191 2856 ,
1222 2790 1313 2846 τὴν
1359 2790 1409 2841 ἕν
1446 2778 1627 2857 Apios«.

595 2876 850 2930 Dicemus
892 2871 962 2926 de
1008 2889 1108 2936 ea,
1156 2886 1273 2939 cap.
1310 2865 1413 2933 25,
1452 2864 1527 2918 ad
1565 2884 1628 2919 ea

596 2956 791 3020 verba,
817 2978 844 3001 ι
862 2951 1027 3005 Arius
1047 2949 1219 3003 amnis
1235 2980 1253 3009 ‚
1282 2947 1379 3020 qui
1393 2943 1629 3017 praefluit

597 3029 1001 3095 Alexandriam,
1020 3041 1125 3084 etc.
1152 3053 1175 3075 a·
1205 3025 1389 3078 Ham).

682 3110 1040 3168 38.DLXVJ
1056 3107 1177 3160 mill.
1196 3105 1355 3160 MSS.
1387 3105 1519 3176 neg.
1555 3121 1580 3156 a
1605 3137 1626 3167 ,

602 3215 667 3254 a,
713 3190 871 3246 colb.
920 3211 943 3242 1
980 3226 998 3254 ,
1056 3206 1083 3240 a
1118 3183 1351 3252 ,chiffl
1402 3195 1458 3237 et
1510 3184 1629 3239 Elz.

599 3270 899 3335 DLXXV,
943 3267 1127 3321 Dalec.
1165 3263 1398 3317 DLXV.
1436 3262 1628 3316 Erato-

596 3351 803 3409 sthenis
825 3365 1073 3402 mensura
1090 3383 1107 3412 ,
1133 3363 1293 3416 quam
1315 3342 1525 3396 Plinius
1543 3360 1626 3396 se·

596 3431 784 3507 quitur
798 3463 815 3492 ,
826 3425 971 3500 apud
992 3425 1306 3480 Strabonem
1325 3433 1516 3483 exstat,
1527 3421 1626 3476 lib.

593 3509 711 3578 xl,
747 3526 869 3582 pag.
904 3507 1017 3572 ⁵14
1036 3543 1055 3572 ,
1088 3505 1155 3565 οἶς
1188 3500 1250 3555 δ’
1272 3495 1625 3570 Ᾰλιξοὶνὸριιοιν

594 3594 685 3651 τὴν
713 3593 763 3644 ἰν
791 3580 978 3660 Apion,
1003 3581 1417 3654 τετρακισχιλίους
1438 3599 1629 3633 ποντα-

596 3671 784 3730 κοσίους
820 3666 1105 3738 τριάκοντα.
1144 3660 1452 3715 stadiorum
1497 3678 1630 3732 qua-

596 3764 721 3804 tuor
736 3746 905 3801 millia
920 3783 937 3809 ,
960 3761 1087 3798 cum
1115 3740 1421 3814 quingentis
1447 3751 1502 3792 et
1527 3739 1627 3792 tri·

596 3830 775 3901 ginta,
822 3823 1065 3878 efficiunt
1115 3821 1282 3874 millia
1338 3837 1586 3890 passuum
1605 3857 1622 3882 ,

596 3925 731 3962 nur
762 3923 886 3959 cum
910 3919 1013 3957 oct.
1052 3919 1191 3974 pass.
1236 3917 1347 3952 non
1378 3916 1538 3964 vero,
1567 3911 1632 3952 ut

594 3985 881 4042 Salmasius
908 3983 1013 4046 ait,
1051 3981 1109 4034 in
1133 3978 1301 4034 Solin.
1335 3995 1456 4052 pag.
1489 3995 1631 4048 792,

498 4065 509 4082 '
594 4085 729 4121 nm
756 4063 891 4119 mill.
918 4062 1105 4115 Hsan.

1788 1675 1879 1744 39.
1899 1675 2020 1727 Inde
2031 1675 2104 1728 ad
2116 1677 2517 1747 prophthasiam.
2530 1677 2615 1732 De
2630 1697 2738 1750 quo

1702 1753 1937 1826 oppido,
1979 1773 2094 1826 cap.
2131 1757 2224 1809 2⁵.
2263 1757 2516 1811 Mensura
2553 1759 2742 1812 Erato·

1701 1835 1901 1888 athenis
1923 1832 2218 1888 stadiorum
2249 1849 2328 1889 est
2364 1837 2502 1890 mill.
2521 1848 2584 1890 et
2625 1857 2701 1892 nc
2721 1876 2740 1903 ,

1705 1906 1800 1967 sit-⁹
1827 1914 1894 1974 sic
1929 1915 2244 1984 Προφθασίαν
2279 1919 2368 1972 τὴν
2406 1918 2456 1969 ἕν
2497 1917 2739 1989 Apim,

1703 1995 1882 2061 χιλίους
1908 1987 1986 2061 χ’,
2019 1995 2126 2046 hoc
2149 2007 2258 2062 est,
2288 1995 2422 2048 mill.
2459 2013 2608 2067 pass.
2655 2017 2741 2052 nc.

1706 2073 1834 2124 Uno
1861 2073 2078 2125 milliari
2092 2073 2270 2126 minor
2289 2086 2368 2127 est
2379 2075 2650 2130 Pliniana.
2671 2078 2740 2130 R.

1792 2157 1881 2215 40.
1931 2153 2026 2205 Ad
2067 2154 2460 2206 Arachosiorum.
2507 2159 2600 2209 De
2641 2159 2744 2210 hoc

1705 2229 1914 2301 oppido
1939 2249 2056 2302 cap.
2090 2231 2159 2285 25
2179 2271 2196 2297 ,
2225 2230 2294 2285 ad
2321 2251 2384 2287 ea
2409 2235 2590 2289 verba
2608 2237 2744 2289 Am·

1706 2311 1872 2364 chusia
1895 2331 2002 2364 eam
2029 2312 2206 2382 oppido
2244 2324 2295 2363 et
2314 2313 2545 2384 flumine.
2579 2317 2747 2369 Inter-

1708 2390 1910 2444 vallum
1933 2409 2102 2462 porro
2141 2390 2286 2444 idem
2335 2391 2482 2464 apud
2519 2393 2746 2449 Strabo-

1710 2487 1834 2522 nem
1848 2507 1867 2532 ,
1919 2471 1984 2531 ιῖς
2027 2462 2322 2542 Ᾰραχωτοϋς
2355 2473 2446 2530 τὴν
2481 2476 2632 2529 πόλιν
2664 2495 2745 2528 τι·

1709 2551 2064 2619 τροικιοχιλίους
2109 2552 2284 2604 {narba
2343 2552 2546 2606 εἴκοσιν.
2601 2555 2748 2619 Qua·

1711 2640 1792 2682 ter
1850 2627 2014 2682 millia
2062 2627 2194 2683 stad.
2265 2629 2512 2686 efficiunt
2583 2635 2747 2706 plane

1711 2707 1880 2760 millia
1911 2726 2046 2780 pass.
2091 2727 2220 2762 nxv.
2259 2711 2444 2764 Hun-
2476 2741 2566 2754 -—
2591 2715 2746 2768 MSS.

1709 2785 1879 2840 editio
1897 2788 2150 2859 princeps
2164 2801 2218 2842 et
2233 2789 2346 2843 Elz.
2361 2791 2434 2842 ad
2441 2791 2750 2846 Arachosio-

1712 2885 1816 2918 rm
1833 2865 2096 2938 oppidum
2117 2885 2280 2922 uuv.
2301 2869 2622 2925 Harduinus
2637 2873 2752 2943 qui·

1711 2943 1838 2998 dem
1865 2964 1931 2999 ex
1961 2947 2224 3000 Strabone
2253 2947 2568 3003 emendavit
2609 2971 2746 3017 nxv3

1712 3037 1766 3079 at
1813 3043 1924 3078 non
1967 3024 2344 3084 animadvertit
2384 3030 2472 3082 vir
2499 3029 2750 3085 eruditus

1711 3105 1890 3175 ipsum
1939 3105 2176 3159 Plinium
2233 3124 2457 3161 monere
2507 3107 2752 3164 diva-sos

1713 3201 1826 3237 esse
1858 3201 2110 3259 numeros
2131 3185 2190 3238 in
2215 3186 2540 3258 quibusdam
2568 3209 2750 3244 exem·

1712 3261 1966 3335 plaribus.
1991 3262 2114 3316 Non
2132 3281 2260 3336 ergo
2283 3265 2489 3321 Plinius
2510 3285 2580 3322 ex
2603 3269 2750 3324 Stra·

1712 3343 1856 3396 hone
1877 3355 1991 3396 erat
2021 3342 2396 3414 corrigendus,
2437 3345 2534 3400 sed
2564 3349 2750 3403 obser·

1711 3420 1887 3475 vanda
1923 3422 2103 3493 potius
2135 3424 2522 3496 exemplarium
2565 3426 2748 3482 divers

1713 3501 1854 3556 sitas.
1875 3501 2042 3556 Bao‘r.

1800 3585 1893 3643 41.
1911 3580 2034 3633 Inda
2063 3580 2408 3652 ortospanum.
2429 3583 2613 3639 Dalec.
2637 3586 2751 3640 inde

1721 3659 2098 3729 Orthospanam.
2115 3661 2222 3715 En.
2240 3693 2320 3703 —
2334 3662 2618 3734 Oppidum
2648 3666 2750 3720 Pa·

1717 3737 2172 3811 ropamisadarum
2189 3740 2505 3809 Ptolemae,
2521 3745 2616 3796 lib.
2633 3747 2748 3812 vl,

1715 3835 1834 3889 cap.
1857 3819 1926 3872 18
1945 3857 1962 3885 ,
1979 3817 2040 3872 in
2051 3817 2296 3874 confinio
2313 3821 2744 3878 Bactrianorum.

1719 3898 1936 3964 Strabo,
1960 3899 2056 3952 lib.
2075 3898 2187 3964 vl,
2212 3917 2336 3972 pag.
2369 3901 2485 3964 514
2515 3919 2531 3954 ε
2561 3898 2656 3957 εἶτ’
2677 3905 2746 3965 οἷς

1719 3967 2026 4049 ὁρτόσπανα.
2039 4013 2056 4043 ,
2077 3978 2164 4033 lvd
2179 3979 2270 4036 dv
2297 3983 2356 4033 lx
2369 3981 2602 4054 Βάκτρων
2617 3984 2748 4054 τρίο-

1722 4053 1841 4124 δον,
1865 4051 2152 4127 δισχιλίους.
2185 4057 2322 4114 Inde
2343 4059 2416 4114 ad
2443 4060 2746 4134 Ormpana
