2950 5017
493 399 634 498 776
1340 404 1406 471 D
1421 405 1478 472 E
1526 403 1573 472 s
1588 406 1621 472 1
1634 406 1769 475 ‘ru

483 521 800 578 amoenitatis
839 521 979 575 illius
1011 540 1126 576 esse
1155 522 1213 574 in
1251 522 1422 594 agris,
1462 542 1600 596 quos
1634 524 1723 577 illa
1756 523 1930 596 capita
1966 523 2255 578 fluviorum
2298 523 2587 596 irrigarent
2604 565 2627 591 ,

479 621 783 684 comparate
805 607 876 664 ad
897 627 1014 663 eam
1031 647 1049 671 .
1074 628 1240 683 quam
1265 609 1547 665 Paradisns
1567 611 1853 665 exhiberet.

549 701 738 773 Itaque
780 703 960 752 divisus
997 696 1088 752 hic
1113 699 1396 753 paradisus
1417 737 1435 764 ,
1471 711 1527 753 et
1564 719 1669 752 esse
1705 704 1758 752 in
1784 713 2001 768 quatuor
2022 702 2259 766 capitibus
2284 698 2583 753 fluviorum
2602 741 2623 766 ‚

479 807 512 842 a
539 791 689 842 Mose
711 807 778 842 eo
803 806 965 842 sensu
993 786 1189 841 dicitur
1206 828 1223 853 ,
1251 807 1362 861 quo
1392 805 1551 841 sensu
1576 787 1711 842 dixit
1736 787 1913 849 idem,
1942 787 2177 840 ablatum
2208 788 2278 840 de
2304 787 2498 859 spiritu
2520 806 2629 842 suo

479 877 642 930 fuisse
657 913 674 941 ‚
699 875 1062 948 traditumque
1085 875 1417 946 septuaginta
1450 876 1767 930 senioribus.
1792 876 1911 929 Hoc
1944 875 2090 929 enim
2114 875 2313 948 pariter
2344 875 2447 929 fuit
2470 879 2633 928 devm

477 965 727 1036 spiritum
751 967 899 1038 ejus,
927 975 979 1017 et
1003 983 1112 1016 esso
1132 978 1256 1016 eum
1281 963 1525 1034 spiritum
1554 965 1613 1016 in
1640 964 1969 1036 septuaginta
1998 963 2143 1017 viris.
2172 965 2273 1016 Res
2299 981 2361 1016 ea
2394 963 2466 1016 ita
2495 981 2627 1015 nar·

479 1064 626 1108 ratur
641 1092 656 1118 ,
678 1055 841 1108 Num.
867 1070 924 1105 11
941 1093 958 1120 ,
987 1055 1049 1107 16
1068 1077 1094 1116 ,·
1119 1070 1183 1122 ¹7
1206 1068 1221 1105 ε
1246 1052 1348 1104 «Et
1369 1050 1506 1105 dixit
1525 1053 1787 1108 Dominus
1814 1051 1883 1106 ad
1906 1053 2129 1126 Moysen
2144 1093 2161 1119 ,
2182 1052 2463 1124 Congrega
2493 1049 2627 1102 mihi

477 1141 807 1214 septuaginta
847 1141 993 1194 viros
1035 1140 1104 1194 de
1144 1139 1358 1194 senibus
1403 1140 1605 1206 Israel,
1640 1159 1775 1214 quos
1804 1152 1863 1194 tu
1900 1141 2043 1194 nosti
2068 1139 2215 1212 quod
2240 1159 2394 1194 senes
2434 1139 2629 1212 populi

476 1243 604 1284 sunt
619 1249 682 1284 ac
701 1230 993 1302 magistri...
1019 1229 1087 1282 Et
1112 1229 1350 1283 auferam
1372 1229 1442 1284 de
1464 1231 1661 1302 spiritu
1680 1241 1775 1282 tuo
1788 1271 1806 1297 ,
1827 1229 2136 1302 tradamque
2156 1229 2249 1283 eis.
2266 1255 2295 1276 ο
2309 1231 2631 1300 lta-nmque

476 1337 636 1375 versu
663 1319 731 1374 25
757 1339 772 1372 ε
801 1345 828 1366 ι
846 1317 1234 1390 Descenditque
1262 1319 1523 1374 Dominus
1553 1337 1647 1390 per
1670 1319 1905 1383 nubem,
1934 1331 1987 1372 et
2012 1319 2223 1372 locutus
2256 1331 2337 1372 est
2360 1317 2437 1372 ad
2465 1337 2629 1380 eum,

479 1407 726 1460 auferens
751 1405 819 1461 de
835 1406 1022 1478 spiritu
1045 1407 1140 1479 qui
1158 1418 1273 1461 erat
1291 1405 1346 1459 in
1357 1407 1554 1480 ¹Moyse
1566 1444 1584 1470 ‚
1601 1418 1655 1460 et
1670 1406 1807 1461 dans
1825 1407 2157 1479 septuaginta
2169 1407 2315 1460 viris.
2332 1407 2637 1477 Quumque

478 1494 819 1567 requievisset
841 1494 897 1547 in
919 1495 995 1548 eis
1020 1495 1236 1568 spiritus
1252 1533 1269 1560 ,
1295 1496 1752 1568 prophetaverunt
1768 1533 1785 1560 ,
1808 1513 1909 1550 nec
1931 1496 2072 1550 ultra
2097 1507 2389 1549 cessarunt.
2403 1521 2433 1540 ι-
2456 1495 2633 1560 Quasi

480 1583 624 1635 Deua
641 1618 660 1646 ,
687 1581 860 1654 inquit
889 1583 1168 1636 Cornelius
1194 1602 1223 1635 a
1253 1582 1460 1656 Lapide
1476 1621 1496 1649 ,
1522 1601 1623 1638 «ex
1652 1584 1845 1658 spiritu
1878 1584 2042 1638 Mosis
2076 1583 2285 1656 aliquid
2322 1582 2594 1654 acceperit
2610 1619 2631 1645 ,

477 1671 810 1743 similemque
838 1670 1044 1742 spiritui
1079 1671 1244 1726 Mosis
1283 1673 1531 1745 spiritum
1568 1673 1627 1726 in
1654 1691 1748 1726 eos
1785 1672 2122 1744 disperties-it.
2143 1698 2169 1719 .
2204 1672 2324 1725 Hoe
2357 1671 2465 1724 fuit
2500 1689 2635 1742 ergo

479 1759 640 1811 dividi
670 1759 784 1812 sive
807 1758 1074 1833 dispertiri
1108 1759 1355 1832 spiritum
1389 1760 1551 1815 monis
1590 1761 1649 1814 in
1687 1759 2023 1834 septuaginta
2061 1760 2233 1823 viros,
2268 1758 2501 1812 similem
2542 1759 2633 1811 hia

480 1845 733 1918 spiritum
753 1846 870 1900 dari
883 1884 899 1911 ,
919 1865 986 1901 ae
1009 1848 1154 1901 Mosi
1175 1846 1353 1900 fuerat
1375 1859 1531 1903 antea
1549 1847 1771 1903 inditus.
1788 1848 1949 1914 Quod
1968 1848 2014 1902 si
2032 1848 2149 1921 quis
2171 1847 2335 1920 igitur
2352 1847 2631 1902 insolitam

481 1951 596 1988 esse
617 1933 875 2006 loquendi
903 1935 1136 1988 formam
1161 1945 1342 2006 putat,
1380 1953 1446 1988 eo
1470 1953 1628 1989 sensu
1653 1935 1761 1989 dici
1798 1937 2111 1990 Paradisum
2137 1939 2290 1988 dividi·
2326 1939 2379 1987 ὑι
2420 1949 2637 2004 quator

481 2025 682 2090 capua,-
705 2041 873 2094 quum
909 2023 952 2078 is
977 2023 1119 2078 hanc
1155 2023 1379 2077 alteram
1423 2035 1623 2078 attente
1655 2024 2006 2078 considerarit
2022 2061 2040 2089 ‚
2068 2042 2189 2096 quai
2218 2023 2353 2078 dicit
2384 2024 2633 2077 ablatum

481 2109 553 2164 de
573 2111 764 2182 spiritu
787 2111 954 2166 Mosis
977 2112 1140 2166 fnisse
1157 2149 1174 2177 ‚
1200 2111 1493 2185 datumque
1528 2111 1597 2166 de
1620 2131 1688 2165 eo
1715 2112 1848 2166 viris
1866 2113 2235 2185 septuaginta;
2266 2110 2435 2184 idque
2461 2111 2633 2164 inter-

480 2209 658 2270 pretes
680 2217 870 2254 omnes
899 2201 1140 2272 accipere
1175 2200 1245 2256 de
1267 2200 1428 2254 simili
1453 2201 1643 2273 spiritu
1667 2200 1752 2254 his
1772 2200 2070 2272 impertito;
2107 2199 2313 2255 desinet
2345 2212 2489 2254 oerte
2526 2199 2633 2252 mi-

480 2285 622 2351 rari,
647 2285 756 2341 diei
779 2291 926 2350 inde,
953 2288 1062 2344 hoe
1085 2299 1190 2354 est,
1219 2305 1282 2343 ex
1313 2289 1430 2360 ipso
1457 2289 1686 2345 decursu
1710 2289 1860 2343 fluvii
1889 2289 1947 2342 in
1982 2287 2235 2343 Paradiso
2252 2327 2269 2353 ,
2310 2287 2547 2343 divisum
2572 2287 2633 2340 in

479 2387 708 2447 quantor
731 2377 904 2448 capita
927 2376 1273 2442 Paradisum3
1295 2389 1350 2431 et
1373 2377 1599 2432 similem
1625 2398 1686 2432 ea
1709 2377 1979 2432 locutione
2004 2379 2368 2432 amoenitatem
2391 2389 2633 2431 tantum·

479 2463 643 2516 modo
661 2500 679 2528 ‚
704 2461 776 2517 ad
799 2465 1074 2537 exemplar
1095 2465 1313 2520 alterius
1339 2464 1611 2520 oonditam
1630 2503 1646 2531 ,
1672 2465 1955 2538 significari
1982 2485 2141 2540 posse
2166 2465 2447 2535 fatebitur,
2469 2477 2635 2539 atque

477 2550 612 2606 adeo
636 2550 726 2604 hic
749 2552 975 2626 intelligi
998 2565 1261 2626 oportere.
1281 2553 1485 2608 Eodem
1508 2553 1661 2626 plane
1688 2572 1847 2608 sensu
1868 2554 2001 2610 facis
2024 2555 2183 2608 nnius
2200 2553 2507 2626 grandioris
2534 2554 2637 2608 lux

480 2638 784 2713 quadrupla
823 2639 932 2693 diei
963 2644 1120 2710 divisa
1154 2653 1328 2714 potest
1367 2641 1428 2694 in
1459 2641 1663 2696 faculas
1696 2653 1930 2714 quatuor
1955 2641 2173 2712 simplas
2198 2641 2355 2713 juxta
2392 2642 2635 2712 positam

477 2728 731 2800 qnoniam
756 2739 1006 2800 quartam
1039 2742 1247 2801 partem
1287 2728 1572 2784 dumtaxat
1608 2729 1750 2784 illius
1784 2731 1919 2784 lucis
1956 2728 2177 2802 singulo
2208 2741 2635 2802 representanu

477 2816 726 2889 quamvis
751 2835 862 2870 non
893 2818 1000 2872 illas
1039 2816 1258 2891 quidem
1283 2836 1352 2872 ex
1376 2818 1466 2872 illa
1505 2817 1803 2892 quadrupla
1825 2818 1942 2874 sace
1958 2859 1975 2886 ,
2002 2819 2095 2872 sed
2125 2822 2243 2871 inde
2280 2829 2462 2874 tamen
2478 2856 2496 2885 ‚
2525 2819 2635 2875 hoe

483 2914 590 2972 est,
619 2904 687 2958 ad
723 2905 1008 2976 quamdam
1033 2905 1179 2960 illius
1203 2906 1545 2960 solummodo
1573 2906 1979 2961 similitudinem
2006 2925 2069 2960 ea:
2096 2905 2393 2980 quadrante
2428 2926 2631 2980 repr·-
2734 2949 2741 2954 .

479 2991 791 3046 sentandam
816 2992 926 3045 sint
946 3010 1194 3048 accensae.
1217 2994 1505 3067 Fingamus
1526 2994 1707 3048 animo
1728 3007 1784 3050 et
1808 2995 2157 3067 cogitatione,
2182 2996 2243 3048 in
2267 2995 2383 3050 eali
2408 2997 2635 3069 regione

481 3079 582 3132 soli
626 3077 850 3134 adversa
893 3097 1006 3134 esse
1045 3079 1222 3134 stellas
1265 3093 1537 3155 quatuor,'
1571 3100 1799 3154 quarum
1844 3081 2063 3155 singulo
2103 3094 2353 3155 quartam
2407 3084 2635 3156 fulgoris

479 3165 775 3240 calorisque
797 3166 986 3220 solaris
1004 3179 1214 3240 partem
1234 3170 1569 3236 eontineant3
1584 3171 1705 3242 quis
1722 3189 1751 3224 a
1779 3168 1940 3224 latina
1964 3170 2354 3225 consuetudine
2369 3171 2633 3246 loquendi

479 3265 630 3325 putet
653 3253 944 3309 abhorrere
959 3293 976 3320 ,
1001 3256 1045 3309 si
1073 3256 1153 3310 sol
1187 3260 1340 3310 dividi
1364 3269 1459 3310 aut
1482 3260 1661 3310 divisus
1682 3258 1897 3313 dicatur
1916 3258 1973 3310 in
2002 3269 2235 3329 quatuor
2259 3259 2391 3314 istas
2414 3261 2595 3314 stellas
2612 3301 2631 3328 ,

475 3340 536 3395 in
561 3361 620 3396 se
651 3353 831 3398 tamen
864 3343 976 3414 ipse
1009 3343 1309 3398 indivisus?
1342 3345 1573 3418 Vulgari
1612 3361 1796 3399 nostro
1840 3363 2087 3400 sermone
2126 3355 2257 3400 tune
2296 3346 2527 3402 dixeris:
2556 3355 2631 3401 ια

472 3433 678 3484 laniare
700 3434 770 3483 du
795 3434 940 3482 soleii
962 3445 1038 3484 est
1058 3437 1302 3502 pamgee
1327 3451 1387 3486 en
1420 3448 1599 3502 quan-e
1624 3437 1820 3497 miles,
1864 3454 1931 3486 ou
1964 3437 2094 3486 dam
2126 3455 2208 3487 ees
2235 3449 2415 3503 quatre
2444 3441 2629 3494 exiles.

479 3517 682 3572 Eodem
697 3537 855 3573 sensu
873 3517 1106 3592 dispergi
1124 3519 1326 3576 Plinius
1347 3520 1511 3584 dixit,
1534 3521 1592 3574 11
1608 3559 1625 3586 ‚
1650 3528 1714 3585 πά
1737 3540 1753 3576 ε
1779 3523 1885 3575 «In
1904 3523 2102 3578 multos
2120 3521 2359 3596 dispersa
2375 3525 2630 3581 Fortuna

479 3605 870 3678 magnitudine.
884 3631 911 3653 a
957 3607 1068 3660 Ubi
1109 3609 1378 3681 Interpres
1421 3609 1589 3663 Italus
1616 3625 1631 3662 ε
1666 3615 1739 3661 La
1768 3613 2065 3680 grandom
2096 3615 2234 3664 della
2266 3617 2495 3664 Formae
2526 3633 2631 3667 aaa

475 3711 565 3746 em
601 3699 824 3748 raccolta
848 3689 971 3747 tutta
997 3697 1050 3748 in
1092 3715 1193 3748 uno
1213 3734 1231 3760 ‚
1258 3717 1344 3749 ma
1364 3713 1536 3767 sparta
1570 3700 1623 3750 in
1658 3701 1813 3750 molti.
1840 3697 2085 3771 Denique
2112 3697 2158 3751 si
2195 3697 2486 3754 Pan-adim
2518 3713 2628 3771 eat,

475 3782 573 3855 qui
594 3781 878 3848 dividitur,
903 3795 962 3836 ut
987 3793 1132 3837 uerte
1151 3803 1340 3840 verum
1367 3799 1446 3840 est
1462 3822 1481 3851 ,
1505 3784 1676 3840 dividi
1702 3787 1856 3840 aliter
1880 3805 2044 3859 quam
2065 3785 2424 3842 similitudine
2447 3788 2627 3862 aliqua

475 3870 794 3924 amenitatis
813 3875 872 3924 in
901 3871 1021 3926 aliis
1043 3872 1353 3946 regionibus
1377 3874 1551 3947 posita
1566 3913 1582 3939 ,
1606 3875 1829 3928 omnino
1852 3893 1959 3928 non
1988 3885 2177 3946 potest.

546 3957 664 4012 Hoc
711 3959 890 4032 itaque
949 3961 1118 4016 verbo
1135 3999 1152 4027 ,
1201 3967 1303 4032 Qui
1339 3967 1456 4016 inde
1500 3965 1766 4033 dividitur,
1812 3963 2023 4036 egregie
2064 3963 2245 4018 Moses
2288 3963 2627 4018 commendat

477 4045 732 4104 Israelitis
757 4051 1118 4121 prostantiam
1140 4051 1322 4110 Terra
1341 4061 1536 4109 saneto
1549 4091 1567 4120 ,
1587 4063 1697 4125 quo
1724 4069 1814 4106 eos
1840 4051 2169 4120 deducebat3
2198 4052 2457 4124 quoniam
2482 4069 2628 4108 com·
