2950 5017
572 467 716 552 438
1117 470 1196 536 C.

1247 466 1586 535 PLINII
1640 464 1849 535 NAT.
1902 466 2166 533 HIST.

569 621 647 668 v1
687 595 892 667 millia
945 621 1280 692 passuum.
1328 598 1495 669 Mox
1538 594 1793 667 Gaulos
1845 610 1914 666 et
1958 593 2238 681 Galata,
2286 596 2481 687 cujus
2530 610 2705 666 terra

571 706 1022 799 scorpionem,
1056 704 1274 773 dirum
1315 700 1563 773 animal
1610 701 1875 791 Africae,
1912 716 2130 773 necat.
2168 703 2510 785 Dicuntur
2542 718 2613 773 et
2636 705 2704 773 in

571 809 830 905 Clupea
871 812 1083 881 emori

565 912 656 987 At
695 931 930 987 contra
957 916 1382 1011 Carthaginis
1409 917 1626 987 sinum
1664 914 1812 985 duae
1842 915 2165 1010 AEgimori
2188 940 2318 985 arae

1145 835 1161 879 τ
1207 810 1396 903 cujus
1441 834 1520 879 ex
1564 808 1847 881 adverso
1888 793 2211 903 Cosyra²³
2250 832 2403 879 cum
2440 809 2711 905 oppido.

2336 901 2387 946 ¹⁴
2407 968 2425 1001 ‚
2452 913 2708 1010 scopuli

566 1024 818 1111 verius,
859 1048 1060 1117 quam
1091 1021 1356 1109 insuloe,
1385 1023 1560 1091 inter
1574 1020 1865 1091 Siciliam
1892 1022 2179 1091 maxime
2209 1034 2277 1089 et
2304 1020 2702 1091 Sardiniam.

567 1132 892 1199 Auctores
927 1145 1117 1217 sunt,
1169 1144 1238 1204 et
1271 1129 1392 1200 has
1424 1127 1762 1227 quondam
1796 1128 2127 1199 habitatas
2156 1126 2550 1197 subsedisse.

545 1232 552 1240 ’
671 1238 862 1306 VIII.
907 1227 1120 1329 (vm.)
1154 1233 1503 1307 Interiori¹
1535 1248 1759 1305 autem
1800 1234 2059 1305 ambitu
2095 1232 2334 1304 Africae
2374 1233 2465 1303 ad
2500 1233 2705 1303 meri-

565 1340 742 1411 diem
772 1366 1025 1429 versus,
1057 1366 1386 1438 superque
1409 1338 1745 1428 Gaetulos,
1778 1340 2368 1411 intervenientibus
2395 1339 2707 1427 desertis,

565 1448 763 1543 primi
821 1450 1124 1519 omnium
1175 1444 1683 1542 Libyaegyptiiss
1726 1444 1963 1519 deinde
2002 1431 2551 1583 Leueaethiopes³
2590 1445 2706 1513 ha-

567 1554 801 1631 bitant.
864 1558 1082 1651 Super
1143 1580 1260 1625 eos
1315 1554 1705 1648 AEthiopum
1774 1566 2004 1648 gentes
2060 1538 2369 1647 Nigritae⁴
2387 1606 2408 1641 ,
2474 1576 2517 1620 a
2572 1576 2705 1645 quo

561 1748 634 1767 .-
653 1715 958 1773 lim-:doum
1002 1717 1321 1785 Ptolemoeo,
1365 1715 1473 1769 loc.
1502 1714 1593 1769 cit.

563 1798 724 1851 Nune
767 1800 1092 1864 lampedosa.
1137 1798 1220 1850 De
1263 1794 1552 1867 Lopadusa
1572 1831 1591 1857 ,

563 1875 738 1929 Gaulo
765 1886 816 1929 et
834 1874 1020 1927 Galata
1042 1912 1059 1937 ,
1088 1874 1178 1928 lib.
1205 1876 1320 1940 111,
1338 1893 1388 1928 c.
1421 1879 1503 1938 Ι4.
1520 1874 1592 1929 Η.

643 1956 726 2018 13.
755 1958 949 2021 Coma.
974 1954 1096 2007 Vet.
1113 1953 1254 2025 apud
1280 1954 1589 2025 Dalecamp.

565 2036 811 2094 Coun-ia.
844 2031 1078 2086 chifflet.
1105 2038 1424 2089 Cesset-acum
1459 2034 1596 2099 oppi-

563 2116 700 2166 dum.
731 2112 833 2165 En.
858 2142 930 2153 -—-
956 2114 1036 2165 De
1077 2130 1138 2166 ea
1173 2109 1429 2174 Ovidius,
1449 2110 1593 2165 Fast-

564 2191 656 2243 lib.
683 2191 771 2243 111
787 2228 806 2253 ‚
829 2209 885 2245 v.
909 2193 1008 2261 167
1027 2211 1042 2244 z
1073 2191 1318 2244 ·Fertilis
1338 2203 1418 2247 est
1433 2190 1595 2243 Meli-

565 2282 632 2325 ta
675 2269 840 2327 sterili
885 2269 1060 2323 vicina
1105 2270 1322 2344 Cosyrm
1366 2271 1552 2323 Insula
1572 2309 1591 2338 ,

560 2366 722 2421 quam
743 2346 936 2419 Libyci
956 2348 1196 2401 verberat
1232 2346 1382 2401 unda
1405 2349 1543 2405 freti.
1564 2374 1589 2397 ιι

560 2425 706 2481 Vide
746 2444 866 2498 qum
906 2425 974 2480 de
1013 2424 1202 2479 eadem
1239 2424 1474 2481 diximus
1497 2428 1591 2483 lib.

559 2501 1132 2576 111,eap.14.11mp.

640 2586 1127 2653 14.AEgn‘snot·iaroe.
1169 2584 1392 2657 Scopuli
1426 2598 1588 2653 sunt,

561 2662 632 2717 de
656 2662 851 2735 quibus
873 2662 1162 2743 Virgilius,
1187 2662 1398 2717 AEneid.
1411 2664 1509 2717 lib.
1527 2666 1589 2731 1,

559 2760 717 2797 versu
749 2742 887 2795 113:
907 2742 1074 2803 Saxa
1099 2755 1292 2797 vocant
1319 2744 1469 2808 Itali,
1486 2763 1594 2798 me-

559 2820 665 2875 diis
691 2838 816 2891 quo
861 2820 920 2873 in
946 2820 1196 2876 fluctibus
1236 2823 1432 2877 Aras.-
1481 2824 1593 2876 Ubi

558 2899 780 2954 Servius
802 2940 818 2967 ,
841 2901 942 2952 ·In
967 2920 1089 2956 saxa
1116 2901 1332 2955 latentia
1371 2914 1593 2975 propter

557 2990 926 3051 tempestatem
951 2998 964 3033 ε
993 2980 1106 3033 hae
1139 3000 1262 3035 saxa
1289 2981 1431 3037 inter
1451 2981 1593 3035 Afri-

556 3077 678 3113 cam
713 3070 765 3113 et
805 3058 1100 3115 Sardiniam
1144 3074 1270 3125 sunt
1289 3078 1303 3114 :
1324 3078 1442 3133 qun
1465 3078 1591 3117 saxa

557 3138 631 3193 ob
649 3138 755 3193 hoc
781 3138 900 3193 Itali
927 3141 1059 3195 Aras
1087 3150 1314 3207 vocant,
1338 3139 1490 3211 quod
1512 3140 1591 3193 ibi

555 3230 609 3273 et
633 3217 750 3271 Afri
776 3229 828 3272 et
849 3219 1067 3275 Romani
1091 3218 1263 3276 fundu·
1289 3218 1588 3273 inierunt.-

555 3298 839 3369 Αἰγίμουρος
856 3304 994 3359 νῆσος
1019 3296 1214 3351 dieitur
1229 3298 1508 3363 Straboni,
1544 3299 1584 3353 l.

555 3372 740 3439 xvn,
759 3392 812 3445 p.
828 3374 949 3438 834.
959 3376 1238 3448 Αἰγιμορος,
1251 3374 1589 3466 viiqocmsst'sm,

555 3452 866 3525 Stephano:
897 3455 1048 3526 cujus
1071 3452 1185 3511 saxi
1209 3453 1449 3525 geminus
1472 3474 1589 3507 ver-

553 3542 671 3593 tex,
701 3530 1088 3585 intercurrente
1128 3532 1266 3585 forte
1313 3534 1450 3585 freto
1484 3532 1590 3587 dis·

550 3612 770 3681 junotus
784 3648 802 3677 ,
827 3608 1062 3665 duarum
1085 3629 1300 3667 ararum
1319 3651 1336 3677 ,
1361 3612 1434 3664 ob
1470 3631 1589 3679 eau-

553 3706 664 3741 sam
679 3708 708 3741 a
725 3688 910 3744 Servio
922 3689 1132 3743 allatam
1149 3708 1342 3745 nomen
1360 3691 1584 3745 invenit.

551 3766 738 3823 Sinum
763 3768 832 3823 ab
849 3768 958 3823 alto
979 3768 1232 3823 claudere
1245 3807 1262 3832 ,
1279 3769 1336 3821 in
1351 3788 1463 3842 quo
1484 3770 1587 3829 sita

553 3846 816 3919 Carthago
841 3860 948 3911 est,
971 3866 1000 3900 a
1020 3848 1180 3902 Livio
1213 3846 1583 3913 dieitur,1ib.

551 3924 728 3985 XXX.
752 3944 870 3997 cap.
885 3932 973 3989 ²⁴·
992 3925 1190 3980 Prius'
1175 3946 1230 3981 ιιι
1253 3926 1406 3981 libris
1427 3926 1583 3983 editis

550 4004 858 4075 legebatur,
885 4008 984 4057 duo
1007 4009 1255 4076 Egimori
1270 4028 1306 4059 a
1323 4026 1411 4059 re:
1427 4008 1577 4081 quod

549 4082 1032 4157 planeabsurdum.
1044 4086 1220 4159 Hsnp.
1221 4090 1415 4143 -Vet.
1430 4089 1575 4161 apud

1672 1714 1851 1768 Delec.
1902 1713 2038 1779 duo,
2078 1718 2313 1784 AEgemo,
2356 1718 2530 1767 ,ΕΙ-σα.
2571 1714 2707 1780 Alii,

1671 1798 1861 1855 AEreoe,
1881 1793 1967 1846 vel
1992 1798 2128 1846 Ara.
2153 1792 2287 1859 Alii,
2314 1800 2498 1862 Agma.-
2530 1809 2581 1844 et
2616 1798 2704 1845 To-

1671 1875 1853 1926 n'clslae.
1880 1871 1987 1925 Alii
2002 1910 2017 1934 ,
2038 1874 2283 1941 Egimon'
2300 1888 2349 1925 ec
2368 1882 2506 1925 Arae.
2528 1872 2705 1927 Hodie

1674 1956 1872 2005 Zia-bre
1887 1963 2163 2007 vocantur.
2190 1953 2296 2009 ΕΙ).

1744 2032 1893 2085 vm.
1926 2050 1974 2086 1.
1997 2035 2245 2085 Interior-1⁸.
2262 2031 2373 2097 Qui
2394 2031 2565 2099 intus,
2582 2030 2703 2083 etin

1672 2110 2058 2165 mediterraneo
2083 2148 2101 2173 ,
2131 2110 2322 2163 Africo
2364 2124 2575 2181 partem
2616 2108 2705 2163 de-

1672 2191 1925 2261 scriptam
1940 2188 2200 2242 haetenus
2222 2190 2469 2243 ambiunt
2486 2230 2503 2256 ,
2538 2190 2704 2243 inelu-

1674 2266 1942 2341 dumque,
1970 2278 2093 2339 post
2118 2267 2359 2331 deserta,
2400 2288 2523 2340 qua
2548 2269 2705 2321 inter-

1671 2346 1893 2403 veniunt
1914 2384 1933 2410 ,
1977 2358 2102 2400 sunt
2148 2346 2508 2419 Libyaegyptii
2542 2386 2559 2413 ,
2602 2358 2701 2399 etc.

1672 2426 1834 2488 Mela,
1856 2426 1946 2478 lib.
1963 2427 2015 2489 1,
2036 2444 2155 2497 cap.
2178 2434 2211 2491 4
2232 2444 2247 2479 z
2274 2425 2485 2496 «Super
2502 2444 2567 2479 ea
2586 2444 2705 2497 qn·

1670 2504 1872 2577 Libyco
1886 2504 2021 2558 mari
2036 2504 2330 2569 annuatur,
2348 2504 2705 2578 Lihyaegypui

1670 2594 1798 2637 sunt
1821 2621 1840 2647 ,
1886 2598 1943 2637 et
1990 2582 2385 2655 Libyoethiopes
2404 2622 2423 2645 ,
2455 2595 2513 2637 et
2558 2583 2705 2636 natio

1670 2662 1942 2735 frequens,
1962 2662 2345 2734 multiplexque
2372 2662 2589 2715 Gaetuli.
2612 2663 2706 2715 De-

1670 2739 1801 2794 inde
1824 2741 1932 2795 late
1949 2752 2097 2794 vacat
2114 2742 2265 2813 regio
2279 2779 2296 2804 ‚
2318 2754 2584 2813 perpetuo
2602 2754 2707 2795 tra-

1672 2833 1763 2873 ctu
1790 2820 2170 2873 inhabitabilis.
2197 2820 2341 2872 Tum
2386 2820 2593 2891 primos
2637 2821 2708 2873 ab

1672 2900 1877 2954 oriente
1900 2900 2283 2965 Garamantas,
2316 2910 2459 2953 ew.-
2496 2899 2709 2955 Deseri-

1672 2981 1780 3053 psit
1809 2981 1925 3035 hae
1949 3000 1978 3033 a
2019 2980 2197 3035 Plinio
2239 2980 2571 3047 Martianus,
2610 2981 2705 3033 lib.

1671 3061 1782 3127 VI,
1802 3078 1921 3132 pag.
1952 3077 2071 3130 ²¹7·
2094 3058 2277 3112 Hsnn.

1746 3160 1795 3195 a.
1820 3141 2157 3208 Lt‘byaegrpeie'.
2185 3138 2351 3206 Quasi
2379 3138 2525 3191 mixti
2546 3142 2707 3212 AEgy-

1670 3219 1798 3293 ptiis
1816 3220 2009 3293 Libyes
2025 3219 2128 3274 :ad
2146 3236 2393 3273 ooeasum
2410 3218 2707 3273 Thebaidis

1670 3300 1833 3373 positi
1854 3338 1870 3361 ,
1907 3300 2003 3353 ubi
2026 3318 2171 3353 nunc
2206 3298 2409 3353 desem
2436 3298 2619 3353 Barca
2646 3310 2705 3353 et

1668 3379 1869 3451 Libya.
1896 3378 2080 3433 ΗΑΙΙΙ).

1742 3459 1791 3511 3.
1817 3461 2192 3527 Leucaethiopes.
2238 3455 2480 3511 chifflet.
2528 3463 2707 3509 leaeo

1668 3540 1937 3606 AEekiopes.
1964 3538 2073 3591 En.
2092 3568 2165 3579 —
2193 3534 2535 3597 Δωιιπιθίοπες
2556 3574 2577 3601 ,
2603 3540 2709 3589 albi

1666 3619 1942 3685 AEchiopaes,
1974 3616 2291 3680 Ptolemoo,
2322 3614 2419 3667 lib.
2448 3616 2557 3681 IV,
2584 3634 2703 3687 esp.

1667 3698 1727 3761 6,
1750 3708 1801 3749 et
1827 3694 2210 3766 Agathemero,
2235 3694 2433 3765 Geogr.
2460 3693 2554 3747 lib.
2582 3696 2703 3758 1,e.

1669 3773 1700 3827 ⁵
1723 3790 1739 3827 ε
1760 3792 1955 3846 nempe
1973 3774 2099 3845 quia
2121 3773 2326 3827 ceteris
2352 3770 2706 3827 candidiores

1667 3866 1811 3908 sunt.
1832 3854 1989 3907 Nunc
2003 3864 2084 3905 est
2105 3850 2374 3905 deses-tum
2390 3854 2611 3905 Salam.
2634 3852 2703 3905 Η.

1740 3938 1795 3997 4.
1819 3934 2046 4000 Nigri-us
2081 3930 2191 3999 Qui
2218 3942 2507 4003 utramque
2520 3931 2705 4003 Nigris

1667 4010 1839 4063 amnis
1858 4010 2029 4083 ripam
2058 4009 2389 4064 accolebant.
2417 4010 2579 4064 Nune
2614 4014 2705 4063 No·-

1658 4093 1835 4159 fficio,
1856 4091 1941 4145 vel
1964 4094 2184 4143 Sandan.
2206 4089 2393 4143 Hsm.
2410 4102 2471 4146 et
2500 4090 2608 4144 ΕΙ).
