2950 5017
1045 479 1361 547 LIBER
1414 480 1554 548 vl.

2215 478 2360 583 597

228 596 737 692 Dioscuriade&
768 609 959 704 juxta
994 609 1271 680 fluvium
1304 609 1822 695 Anthemunta7,
1861 635 2041 680 nunc
2067 611 2365 683 deserta:

225 718 570 814 quondam
608 717 777 786 adeo
829 714 1004 786 clara
1030 769 1051 804 ‚
1100 732 1175 786 ut
1214 715 1675 785 Timosthenes
1697 701 1720 738 ⁸
1771 717 1842 784 in
1885 741 2032 786 eam
2075 741 2204 788 ccc
2241 743 2366 787 na-

225 823 483 895 tiones⁹
505 875 529 908 ,
581 822 1001 893 dissimilibus
1036 821 1313 917 linguis,
1352 821 1757 892 descendere
1823 821 2211 916 prodiderit.
2277 828 2368 895 Et

226 945 467 1024 postea
506 954 548 999 a
589 929 831 999 nostris
886 951 1061 999 cxxx
1120 927 1592 1022 interpretibus
1664 930 1930 1022 negotia
1990 929 2082 999 ihi
2163 943 2366 1026 gesta.

228 1034 468 1106 Sunt¹⁰
505 1036 621 1132 qui
660 1034 997 1105 conditam
1034 1058 1182 1103 eam
1220 1033 1306 1102 ab
1338 1034 1658 1129 Amphito
1698 1048 1766 1103 et
1791 1033 2094 1123 Telchio,
2125 1039 2366 1106 Casto-

225 1143 321 1212 ris
348 1167 434 1212 ac
459 1140 748 1212 Pollucis
778 1141 1031 1236 'aurigis
1062 1154 1299 1235 putent
1318 1187 1339 1224 ‚
1375 1165 1417 1208 a
1457 1140 1700 1234 quibus
1731 1155 1947 1212 ortam
1985 1143 2368 1217 Heniocho-

226 1273 383 1318 rum
420 1263 685 1344 gentem
720 1247 927 1316 feram
972 1260 1253 1316 constat.
1293 1249 1347 1314 A
1390 1245 1828 1320 Dioscuriade
1869 1247 2190 1342 oppidum
2229 1252 2368 1320 He-

226 1353 529 1424 racleum
588 1378 605 1420 :
662 1353 862 1422 distat
928 1376 969 1420 a
1036 1349 1446 1447 Sebastopoli
1468 1351 1513 1376 ¹¹
1557 1350 1764 1422 Lxx¹²
1823 1351 1980 1422 mill.
2031 1377 2368 1448 passuum.

228 1445 558 1547 Achaei¹³‚
586 1459 811 1528 Mardi
826 1444 910 1548 ¹⁴,
955 1461 1249 1530 Cercetae
1292 1482 1307 1527 :
1351 1471 1506 1552 post
1553 1444 1731 1528 eos⁸⁵
1773 1459 1992 1546 Serri,
2027 1459 2368 1554 Cephalo-

316 1646 373 1696 6.
402 1641 747 1697 Dioscuriade.
781 1640 987 1707 Hodie,
1024 1642 1115 1694 vix
1135 1659 1257 1694 mu-

231 1732 345 1775 tato
369 1722 623 1784 nomine,
640 1721 861 1774 Iskuriala
874 1758 891 1780 ‚
915 1732 977 1774 nt
991 1720 1065 1774 ait
1077 1720 1259 1773 n’An-

232 1811 429 1865 ὴιιι,
448 1819 561 1853 non
583 1799 839 1854 Pmondc
857 1840 873 1862 ,
917 1812 1011 1853 aut
1038 1797 1261 1853 Souasto-

227 1881 361 1948 poli.
392 1893 455 1934 ut
476 1877 597 1934 aliis
619 1880 809 1934 visum.
834 1880 1101 1932 Nummus
1123 1880 1259 1933 anti·

232 1977 371 2031 quus
397 1976 464 2011 ex
488 1977 595 2012 are
610 1959 864 2025 minimo,
884 1960 1035 2030 cujus
1058 1957 1261 2030 effigies

232 2051 311 2092 est
326 2037 397 2091 ad
410 2057 509 2091 nos
530 2039 830 2092 transmissa
842 2056 907 2091 ex
922 2039 1059 2091 urbe
1070 2039 1261 2104 Roma,

234 2115 373 2171 duos
412 2117 635 2170 exhibet
657 2124 755 2170 τῶν
793 2119 1122 2188 Διοσκούρων,
1151 2117 1259 2172 hoc

233 2209 342 2264 est,
366 2196 605 2250 Castoris
629 2208 685 2250 et
710 2197 941 2250 Pollucis
971 2197 1141 2267 pileos
1165 2213 1181 2250 ε
1201 2195 1257 2248 in

234 2276 397 2332 altera
425 2289 577 2347 parte
618 2277 825 2329 clavam
863 2275 1111 2329 Herculis
1144 2292 1260 2329 ere-

228 2366 528 2420 ctam,cnm
538 2355 641 2408 hac
650 2353 937 2428 epigraphe
943 2357 1261 2408 ΔΙΟΣΚΟΪ-

234 2440 509 2504 mot:
524 2435 621 2488 ubi
650 2435 825 2488 forma
848 2435 1038 2502 littero
1056 2439 1095 2488 Σ
1120 2447 1259 2488 tem-

232 2532 367 2584 pora
382 2512 606 2568 denotat
631 2513 928 2568 cmx-ibus
949 2514 1257 2568 vetustiora.

234 2593 423 2648 fflnn.
448 2605 505 2646 et
530 2595 637 2647 En.

316 2691 373 2743 7.
393 2672 845 2726 Anthemunta.Ab
870 2663 1145 2742 Ᾱνθιμοῦς,
1158 2661 1258 2724 Av-

231 2755 496 2822 Ospoi'nroe.
517 2751 703 2805 Hann.

317 2835 375 2886 8.
394 2831 465 2884 Ue
483 2831 821 2884 Timosthenes.
836 2831 907 2883 Et
922 2830 1114 2883 Strabo
1126 2848 1257 2900 quo·

234 2929 339 2982 que
362 2911 461 2964 lib.
479 2909 583 2974 xl,
606 2929 725 2982 pag.
754 2911 887 2978 498.
912 2910 1093 2962 Hm).

316 3010 372 3060 9.
398 2989 667 3058 Nationes,
697 2989 1005 3044 dissimilibus
1054 2989 1252 3057 linguis.

233 3069 417 3123 Dalec.
446 3094 471 3116 ι
485 3071 749 3135 nationes,
764 3087 884 3142 quo
906 3067 1255 3122 dissimilibus

230 3147 430 3220 linguis
458 3161 753 3204 uterentur.
783 3174 807 3196 a·

322 3247 415 3282 ιο.
458 3227 583 3280 Sunt
607 3232 692 3300 qui
713 3227 973 3280 conditam.
1003 3226 1215 3280 Solinus
1233 3265 1251 3292 ,

232 3326 351 3378 cap.
372 3326 466 3372 ιτ,
490 3325 613 3379 pag.
634 3307 705 3360 35
722 3346 739 3376 ‚
761 3308 979 3378 aliique.
1010 3305 1100 3358 Ab
1123 3305 1252 3376 ipsis

232 3387 459 3442 castore
496 3398 552 3439 et
592 3387 843 3454 Polluce,
886 3405 1007 3438 cum
1058 3387 1252 3439 Jasone

232 3465 467 3519 Pontum
524 3466 771 3538 ingressis
814 3463 1087 3520 conditam
1140 3481 1253 3518 esse

230 3544 637 3599 Dioscuriodem
650 3581 668 3608 ‚
686 3545 830 3598 Mela
846 3557 923 3598 est
932 3555 1136 3608 auctor,
1153 3544 1255 3598 lib.

230 3625 289 3689 1,
313 3643 434 3694 cap.
472 3643 573 3693 19,
595 3643 717 3696 pag.
748 3625 837 3678 23.
864 3625 971 3678 Pro
994 3623 1254 3694 Amphito

232 3716 289 3756 et
308 3702 533 3758 Telchio
547 3741 565 3769 ‚
590 3704 1013 3774 Amphitr-astum
1043 3715 1097 3756 et
1114 3703 1257 3756 Rhe-

233 3799 353 3836 oem
367 3819 387 3848 ‚
416 3783 578 3836 scribi
603 3795 754 3854 putat
776 3795 1027 3855 oportere
1051 3783 1252 3835 Pintia-

232 3881 361 3925 nus,
386 3879 453 3916 ex
477 3863 875 3926 Strabone,lib.
898 3861 981 3912 XI
998 3901 1013 3924 ,
1038 3881 1094 3932 p.
1119 3863 1253 3930 496,

232 3942 317 3994 cni
356 3939 559 3995 addere
588 3941 749 3994 etiam
779 3941 1115 3994 Eustathium
1154 3959 1253 4011 po-

236 4021 339 4073 tnit
358 4059 377 4085 ‚
405 4022 497 4091 qui
529 4022 843 4075 Strabonem
866 4031 1076 4073 secutus
1100 4032 1175 4074 est
1196 4019 1254 4073 in

236 4099 589 4174 Dionysium,
636 4119 771 4156 vers.
806 4100 917 4155 685
940 4135 957 4166 ,
990 4117 1107 4172 pag.
1161 4119 1253 4170 9²·

1344 1641 1550 1694 Verum
1577 1639 1928 1708 Ammianus,
1951 1642 2050 1696 lib.
2092 1643 2285 1708 xxn,
2310 1663 2367 1714 p.

1347 1719 1459 1774 215
1482 1741 1499 1786 ;
1526 1719 1780 1785 Solinus,
1818 1739 1934 1792 cap.
1967 1741 2066 1786 xv,
2105 1741 2224 1793 pag.
2263 1722 2332 1776 35
2353 1763 2380 1790 s

1344 1812 1397 1852 et
1422 1799 1666 1855 Isidorus
1690 1819 1757 1854 ex
1781 1799 1994 1867 Solino,
2029 1801 2241 1872 Origin.
2273 1803 2369 1856 lib.

1342 1879 1471 1946 XV,
1491 1879 1810 1950 Amphitum
1829 1891 1884 1932 et
1897 1880 2144 1934 Ber-cium
2157 1894 2368 1934 vocant:

1342 1976 1670 2030 quamquam
1697 1958 2038 2021 Ammianus,
2072 1979 2138 2014 ex
2168 1961 2229 2014 Ρ.
2263 1961 2366 2014 Ca-

1343 2037 1480 2090 stelli
1527 2038 1838 2094 recensione
1861 2075 1882 2104 ‚
1929 2039 2210 2092 Telchium
2259 2059 2370 2111 pra

1346 2117 1539 2174 Cereio
1568 2117 1788 2170 mavult.
1807 2114 1997 2172 Hann-

1431 2213 1457 2250 1
1472 2214 1524 2250 1.
1561 2198 1617 2250 A
1645 2195 1966 2267 Sebastopoli.
2012 2197 2245 2252 Castello
2258 2236 2276 2264 ,
2302 2197 2376 2252 de

1343 2293 1459 2348 qno
1483 2275 1759 2347 superiore
1797 2277 1974 2348 capite
1990 2313 2010 2342 ‚
2046 2295 2170 2330 mox
2205 2277 2370 2344 urbe,

1343 2353 1663 2426 ὣνωωροὶἰ.
1690 2355 1850 2408 Nunc
1885 2356 2041 2426 aquis
2067 2356 2258 2410 obruta
2283 2357 2368 2410 in·

1344 2433 1508 2487 teriit.
1533 2433 1779 2488 Heraclei
1801 2435 2190 2505 promontorii,
2209 2456 2241 2489 a
2258 2455 2368 2508 quo

1344 2524 1398 2566 et
1422 2513 1629 2585 oppido
1648 2532 1874 2576 nomen,
1907 2514 2154 2568 meminit
2183 2517 2368 2570 Arria-

1342 2609 1445 2646 nus
1466 2593 1527 2646 in
1555 2592 1792 2662 Periplo.
1821 2594 2006 2648 Hum.

1428 2688 1520 2726 12.
1549 2671 1720 2724 LXX
1739 2672 1862 2724 mill.
1882 2691 2018 2742 pass.
2041 2673 2126 2725 Ita
2149 2672 2279 2744 Reg.
2305 2693 2329 2728 ι
2347 2712 2366 2738 ,

1348 2768 1377 2802 2
1396 2789 1413 2814 ,
1441 2751 1600 2804 Colb.
1631 2767 1656 2804 1
1673 2790 1692 2818 ,
1721 2770 1750 2804 ι
1765 2787 1781 2816 ,
1808 2751 1972 2806 Paris.
1997 2750 2232 2806 chifflet.
2255 2753 2366 2806 Alii

1341 2827 1561 2901 quidam
1573 2867 1592 2896 ,
1607 2830 1748 2884 inter
1768 2848 1904 2902 quos
1924 2831 2361 2886 Dalec.LXXX.

1426 2927 1450 2962 1
1464 2911 1516 2964 3.
1535 2909 1740 2974 ΑσΙιιεί,
1753 2922 1852 2962 etc.
1869 2910 1982 2962 Hos
1999 2928 2214 2982 quoque
2233 2913 2364 2984 Scy.

1335 2989 1425 3042 lax
1459 3001 1763 3049 enumerat,
1793 3007 1914 3060 pag.
1943 2991 2014 3044 30
2037 3008 2052 3042 :
2081 2993 2326 3062 Κιρκίται
2346 3013 2359 3026 ·

1337 3069 1465 3128 ἔθνος
1482 3103 1496 3116 .
1521 3101 1536 3116 .
1561 3101 1577 3116 .
1617 3066 1750 3138 μετὰ
1779 3063 1840 3120 ὃὸ
1875 3071 2157 3138 Κορήτας,
2182 3061 2361 3138 Ᾰχαιοῖ

1337 3149 1465 3207 ἔθνος
1487 3168 1501 3182 ·
1522 3145 1654 3218 μετὰ
1675 3143 1736 3200 δὲ
1757 3139 1968 3215 Ᾰχαιοὺς
1991 3139 2188 3217 Ἡνίοχοι
2205 3152 2361 3214 ἔθνος,

1334 3227 1687 3280 etc.Tennere
1707 3227 1766 3279 hi
1795 3225 1928 3279 olim
1945 3227 2198 3280 intimum
2219 3230 2362 3283 Pon-

1336 3307 1376 3360 ti
1416 3305 1617 3360 Euxini
1655 3303 1951 3370 recebsum,
1997 3308 2362 3379 angulumque

1338 3403 1493 3450 eum,
1527 3384 1620 3456 qui
1661 3386 1890 3438 maxime
1915 3399 2113 3456 spectat
2144 3400 2324 3439 ortum
2344 3424 2364 3453 ‚

1337 3477 1393 3518 et
1411 3463 1467 3516 in
1493 3465 1716 3518 Boream
1733 3462 1982 3517 flectitur.
1998 3463 2174 3518 Hodie
2187 3466 2365 3520 I'Avo-

1334 3546 1490 3615 gasie.
1516 3545 1698 3598 Ham).

1424 3628 1518 3686 14.
1544 3623 1872 3676 Mardi.Non
1895 3623 2053 3676 unius
2064 3625 2236 3694 gentis
2249 3624 2364 3679 hoc
2407 3685 2411 3690 ¹

1338 3702 1558 3776 propria
1572 3701 1859 3774 appellatio
1878 3714 1956 3754 est
1971 3739 1986 3770 ,
2003 3701 2098 3754 sed
2121 3722 2365 3758 commu-

1334 3783 1547 3835 nicatur
1589 3799 1715 3834 cum
1745 3781 1992 3852 pluribus
2008 3818 2025 3846 ,
2051 3783 2249 3852 quibus
2275 3804 2364 3838 ea·

1338 3859 1463 3914 dem
1493 3861 1674 3914 feritas
1694 3879 1907 3913 morum
1925 3878 2023 3931 par
2047 3879 2247 3916 nomen
2283 3883 2364 3916 as·

1338 3940 1524 3994 seruit.
1549 3940 1699 3993 Alios
1717 3939 1774 3990 in
1799 3941 1902 3993 hoc
1923 3939 2043 4010 ipso
2065 3941 2207 3995 libro
2219 3942 2368 3996 Mar·

1340 4019 1439 4073 dos
1457 4017 1811 4073 offendemus.
1843 4021 2024 4072 Ham).
2251 4035 2256 4041 ·

1430 4097 1520 4154 15.
1551 4100 1674 4152 Post
1711 4119 1806 4174 eos.
1835 4099 1950 4152 Hoc
1977 4111 2054 4152 est
2071 4136 2100 4176 ¹„
2121 4117 2154 4152 a
2189 4111 2338 4172 tergo
2355 4139 2374 4168 ,

2024 4193 2160 4276 38³
2249 4207 2254 4216 '
