2950 5017
566 441 663 515 56

1099 445 1178 512 C.
1235 442 1584 513 PLINII
1639 444 1862 513 NAT.
1915 444 2175 513 HIST.

560 577 767 663 tium,
802 575 1108 670 idemque
1142 576 1662 705 amplissimum,
1704 576 2246 647 Massalioticum.
2279 579 2450 647 Sunt
2477 592 2710 647 aucto-

560 708 699 769 re5‚
736 696 805 751 et
839 669 1310 753 Heracleam'⁸
1344 682 1716 778 oppidum
1700 708 1767 751 m
1809 684 1980 754 ostio
2011 682 2324 752 Rhodani
2368 683 2596 753 fuisse.

669 786 867 858 Ultra
876 784 925 826 ²⁹
928 787 1169 876 ,fossae
1193 814 1275 858 ex
1302 790 1634 860 Rhodano
1663 792 1742 861 C.
1773 791 1972 859 Marii
2005 814 2244 884 opere,
2276 804 2346 859 et
2364 777 2708 861 nomine³⁰

648 1002 739 1053 28.
762 999 815 1052 E
817 1011 839 1050 t
858 998 1163 1052 Heracleam.
1184 999 1315 1053 Hoc
1336 988 1584 1069 Ἠρακλεια
1671 998 1773 1051 cile
1785 996 1888 1051 erit
1905 997 1963 1050 in
1979 997 2115 1051 fossa
2132 998 2220 1051 cui
2235 1016 2434 1053 nomeu
2451 1010 2530 1051 eet
2543 999 2714 1053 Cana!

564 1084 806 1140 Κελτικῆς
852 1078 1141 1149 Stephano.
1180 1080 1247 1131 In
1295 1097 1422 1148 agro
1466 1098 1587 1131 san-
1673 1078 1735 1131 de
1746 1080 2026 1147 navigatcbn
2037 1078 2076 1129 d
2083 1078 2244 1131 'Ae-les
2257 1098 2322 1131 au
2333 1091 2452 1149 pore
2467 1078 2529 1131 de
2541 1079 2705 1142 Bm,

564 1158 911 1231 RemigianO,
934 1177 1106 1230 prope
1133 1156 1395 1230 oppidum
1415 1156 1470 1210 S.
1497 1160 1590 1211 Re-

566 1256 677 1311 my,
724 1238 1029 1309 ostiumque
1092 1236 1343 1291 Rhodani
1396 1238 1588 1310 Hispa-

566 1316 780 1382 niense,
810 1330 1023 1388 reperta
1049 1317 1356 1389 inscriptio,
1386 1317 1592 1387 princi·

566 1408 697 1467 patu
733 1396 915 1451 Caroli
945 1398 1017 1462 V,
1056 1396 1383 1451 Francorum
1422 1397 1560 1467 regis
1575 1436 1592 1461 ‚

567 1476 785 1530 electam
804 1475 961 1529 docet
976 1476 1043 1529 ab
1062 1477 1335 1547 Ataulpho
1348 1477 1594 1548 principe

570 1556 860 1608 Heracleam
885 1560 935 1609 in
957 1557 1127 1626 Regiae
1142 1560 1403 1628 majestatis·
1417 1557 1591 1621 sedem..

571 1634 659 1687 Ibi
704 1636 867 1707 igitur
903 1635 1065 1689 fuisse
1106 1636 1235 1690 olim
1284 1636 1595 1689 Heracleam

572 1728 753 1786 putat,
800 1716 896 1787 qui
950 1715 1136 1771 recitat
1192 1717 1596 1787 inscriptionem

571 1812 687 1847 eam
728 1808 893 1849 totam
933 1797 1138 1849 Honor.
1174 1814 1422 1860 Boucun,
1456 1796 1592 1848 Hist.

574 1876 731 1928 Prov.
759 1875 856 1929 lib.
876 1876 961 1940 11,
980 1874 1054 1928 Ic.
1088 1876 1149 1940 5,
1174 1876 1597 1947 p.158.Verum

572 1952 736 2008 distat
762 1974 886 2026 ager
914 1954 1004 2009 ille
1034 1954 1508 2027 San-Remigianus
1529 1954 1600 2007 ab

575 2038 699 2087 ostio
730 2034 959 2087 Rhodani
973 2068 991 2095 ‚
1024 2034 1079 2086 iu
1106 2055 1215 2107 quo
1244 2034 1405 2089 fuisse
1430 2036 1600 2087 Hera-

576 2113 743 2167 cleam
769 2126 1009 2169 auctores
1026 2152 1043 2178 ,
1074 2127 1203 2167 teste
1232 2114 1438 2175 Plinio,
1472 2132 1600 2185 pro-

576 2192 780 2247 didere.
808 2192 875 2245 H.
899 2224 977 2236 -—-
995 2192 1141 2245 Vide
1166 2207 1345 2247 notam
1372 2212 1464 2247 ππ.
1494 2195 1602 2247 En.

658 2292 753 2345 ²9·
782 2274 925 2326 Ultra
940 2313 956 2335 ,
969 2274 1123 2340 sossoe
1140 2292 1205 2324 ea:
1224 2273 1482 2338 Rhodano,
1494 2284 1602 2325 etc.

576 2353 701 2407 Vct.
742 2372 828 2424 ap.
848 2352 1022 2405 Dalec.
1048 2354 1175 2404 ulem
1181 2354 1369 2420 fossam
1387 2374 1447 2405 ex
1468 2354 1604 2405 Rho·

578 2434 725 2485 dano.
781 2432 1005 2486 Ptolem.
1054 2432 1150 2486 lib.
1198 2434 1285 2499 11,
1332 2452 1449 2504 cap.
1503 2450 1570 2485 ιο
1588 2472 1604 2500 ,

578 2514 769 2567 Φόσσαι
787 2512 1068 2582 Mennim,
1084 2532 1217 2583 quas
1229 2512 1447 2583 quidem
1466 2514 1606 2567 male

578 2591 649 2645 ad
660 2589 906 2645 Rhodani
914 2591 1243 2645 occidentem
1257 2593 1426 2663 ponit,
1436 2610 1604 2663 quum

580 2683 723 2725 certe
767 2670 837 2725 ad
876 2673 1136 2724 orientem
1179 2670 1443 2742 ponenda
1483 2672 1604 2727 sint.

578 2751 812 2818 Solinus,
836 2770 952 2824 cap.
974 2754 1059 2811 11.
1086 2770 1205 2822 pag.
1241 2770 1309 2819 17
1329 2769 1344 2803 ε
1364 2752 1459 2805 «C.
1487 2752 1604 2804 Ma-

576 2830 720 2896 rius,
746 2830 893 2883 bello
924 2832 1228 2891 Cimbrico,
1260 2832 1412 2884 factis
1440 2850 1606 2884 manu

578 2910 731 2963 fossis
762 2911 1008 2964 invitavit
1032 2928 1209 2963 mare:
1233 2910 1608 2982 perniciosam-

578 3008 687 3061 que
726 2989 980 3043 ferventis
1025 2988 1273 3043 Rhodani
1313 2990 1606 3061 navigatio·

578 3086 703 3121 nem
723 3070 1053 3140 temperavit.
1066 3096 1089 3117 ο
1110 3069 1343 3123 Maxime
1361 3071 1520 3123 vario
1537 3067 1606 3123 de

579 3148 834 3203 Marianis
848 3150 1001 3203 fossis
1018 3148 1299 3202 doctorum
1322 3149 1471 3202 fuere
1489 3150 1608 3219 opi·

576 3228 767 3283 niones
791 3266 807 3294 ‚
872 3229 1066 3299 quibus
1109 3227 1405 3281 referendis
1453 3230 1606 3283 locus

578 3307 756 3375 deest3
796 3308 1135 3361 Harduinum
1172 3321 1345 3361 tamen
1376 3328 1490 3362 nou
1517 3328 1603 3363 re-

576 3387 911 3459 prehendere
924 3407 1033 3441 uon
1044 3388 1377 3459 possum,qui
1391 3407 1477 3441 eas
1494 3387 1604 3442 duo

577 3468 857 3521 orientalia
876 3468 1035 3523 fuisse
1052 3465 1297 3521 Rhodani
1323 3468 1455 3521 ostia
1474 3486 1606 3521 con·

580 3547 787 3613 tendit,
806 3561 1095 3620 posteaque
1140 3548 1189 3600 ei
1208 3585 1225 3614 ‚
1257 3546 1403 3618 quod
1442 3549 1608 3619 magis

578 3627 833 3680 orientale
849 3640 933 3681 ‘est
946 3667 961 3693 ,
982 3628 1289 3700 impositum
1312 3628 1470 3680 fuisse
1478 3630 1608 3681 Are-

574 3706 682 3759 late
708 3706 1091 3773 Sextanorum3
1111 3705 1201 3760 sed
1221 3746 1236 3771 ,
1264 3706 1306 3760 si
1332 3708 1446 3761 haec
1468 3708 1606 3761 ostia

578 3804 609 3837 a
638 3786 813 3839 Mario
840 3804 1003 3839 manu
1036 3787 1169 3839 facta
1196 3788 1447 3850 fuerunt,
1470 3786 1606 3858 quid

576 3877 727 3917 antea
744 3904 760 3930 ‚
775 3877 835 3919 ut
850 3866 925 3917 ait
952 3868 1287 3929 1›'A1w11.1.x‚
1312 3866 1608 3921 Rhodanus

574 3945 679 3997 fuit
695 3944 719 3998 Ξ*
736 3946 972 4000 Cuilibet
990 3960 1167 4000 autem
1195 3945 1483 3999 doctissimi
1503 3947 1607 3999 viri

577 4026 795 4079 Cassum
832 4026 1018 4079 Gallim
1064 4044 1311 4097 mappam
1358 4025 1604 4079 conside-

576 4106 711 4159 ranti
736 4125 1019 4177 agnoscere
1046 4106 1207 4161 fossas
1232 4106 1498 4161 Marianas
1528 4108 1610 4159 fa·

1677 1174 1796 1230 quie
1818 1154 2039 1228 quidem
2055 1157 2190 1210 fossa
2210 1175 2240 1210 a
2253 1155 2540 1223 Rhodano,
2551 1159 2712 1229 juxta

1677 1238 1886 1291 Arelate
1909 1274 1926 1299 ‚
1971 1236 2219 1309 ,profecta
2267 1236 2483 1290 flumini
2529 1238 2713 1292 vicina

1677 1317 1942 1389 primum,
1967 1314 2165 1370 deinde
2185 1317 2404 1388 paulum
2435 1318 2506 1370 ab
2533 1335 2604 1371 eo
2625 1336 2714 1371 re-

1679 1393 1870 1450 cedens
1885 1434 1902 1461 ,
1940 1414 2039 1467 per
2077 1400 2319 1467 stagnum
2334 1434 2352 1463 ,
2391 1397 2482 1450 cui
2507 1414 2710 1449 nomen

1680 1488 1757 1529 est
1791 1476 1970 1546 Etang
1995 1476 2058 1528 de
2087 1474 2298 1547 Galejon
2313 1514 2332 1542 ‚
2367 1474 2714 1547 producitur,

1681 1574 1746 1608 ex
1773 1574 1944 1628 eoque
1974 1574 2176 1626 egressa
2211 1556 2371 1609 maris
2406 1556 2557 1609 littus
2597 1574 2712 1609 am-

1680 1634 1786 1698 bit,
1807 1634 2134 1707 tandemque
2169 1636 2224 1687 iu
2256 1636 2434 1689 sinum
2461 1636 2716 1707 pervenit

1681 1716 1863 1785 gallice
1903 1715 2029 1767 Pon
2079 1715 2141 1768 de
2182 1716 2322 1769 Beue
2361 1728 2610 1769 vocatum
2657 1726 2716 1767 et

1682 1812 1806 1849 cum
1861 1808 2044 1865 stagno
2105 1795 2443 1849 Mastramela
2460 1834 2478 1861 ,
2547 1792 2717 1847 bodie

1685 1876 1861 1945 Etang
1877 1876 1938 1927 de
1956 1875 2109 1927 Bem
2128 1887 2175 1927 ee
2193 1875 2254 1927 de
2281 1875 2551 1943 Mareigues
2568 1913 2585 1938 ,
2613 1890 2720 1945 per

1685 1967 1926 2025 stagnum
1956 1952 2132 2017 aliud,
2173 1955 2264 2007 cui
2297 1954 2478 2024 Etang
2505 1954 2566 2005 de
2609 1953 2717 2007 Ca-

1687 2046 1822 2086 mnte
1837 2052 2035 2087 nomen
2053 2046 2152 2098 est,
2167 2034 2531 2105 conjunctum.
2545 2030 2723 2098 Quod

1689 2126 1888 2167 autem
1905 2127 2150 2185 stagnum
2193 2115 2372 2183 Etang
2405 2113 2468 2165 de
2503 2112 2726 2183 Gale'jon

1690 2205 1940 2246 vocatum
1964 2194 2212 2286 superius
2236 2192 2504 2256 diximus,
2536 2192 2726 2264 ipsum

1692 2290 1816 2326 cum
1844 2273 1980 2326 mari
2005 2272 2283 2327 meridiem
2323 2290 2505 2327 versus
2539 2271 2724 2345 juugi-

1691 2364 1801 2416 tur,
1834 2365 1888 2405 et
1915 2353 2348 2423 septemtrionem
2386 2370 2572 2405 versus
2589 2370 2726 2406 cum

1690 2446 1874 2503 stagno
1899 2432 2008 2485 alio
2025 2471 2041 2497 ,
2070 2433 2158 2485 cui
2191 2450 2387 2486 nomen
2417 2432 2596 2501 Etang
2629 2431 2726 2484 des

1693 2512 1901 2565 Laudes.
1953 2514 2071 2565 Hoc
2115 2526 2294 2565 autem
2335 2525 2579 2583 stagnum
2630 2512 2726 2565 des

1693 2592 1886 2643 landes
1912 2589 2182 2662 duplicem
2205 2592 2396 2644 fossam
2412 2632 2429 2657 ‚
2459 2609 2578 2663 quie
2603 2590 2728 2662 ipsa

1692 2690 1818 2723 cum
1867 2668 2132 2724 Rhodano
2175 2671 2522 2743 conjungitur
2566 2672 2732 2741 juxta

1693 2749 1954 2821 oppidum
1976 2751 2186 2804 Arelate
2209 2752 2417 2822 recipit.
2437 2748 2596 2803 Haud
2620 2747 2729 2804 du-

1695 2831 1846 2883 bium
1877 2848 1988 2885 esse
2013 2832 2150 2884 mihi
2175 2830 2390 2883 videtur
2429 2831 2564 2902 quin
2613 2830 2730 2883 sint

1695 2910 1845 2963 fossae
1867 2930 2052 2965 omnes
2079 2911 2192 2965 istae
2206 2950 2223 2974 ,
2248 2910 2291 2963 si
2317 2929 2428 2963 non
2451 2912 2582 2981 ipso
2601 2910 2731 2963 Ma-

1692 2989 1878 3052 rianae,
1905 3003 1956 3043 at
1972 2991 2156 3045 saltem
2179 2990 2542 3043 Marianarum
2561 2990 2732 3043 vesti-

1691 3068 1794 3139 gia.
1826 3071 2038 3123 Nomen
2081 3070 2263 3142 ipsum
2311 3070 2440 3122 Port
2483 3070 2544 3122 de
2579 3069 2730 3123 Bone

1692 3149 1842 3203 fossas
1861 3151 2056 3203 ostium
2079 3147 2318 3203 indicare
2340 3148 2583 3213 videtur3
2601 3168 2732 3203 ver-

1691 3230 1824 3281 bum
1837 3230 1980 3281 enim
2000 3230 2252 3300 gallicum
2265 3230 2404 3283 Boue
2421 3248 2515 3282 seu
2527 3230 2732 3282 Beue-lae

1691 3308 1852 3361 latine
1893 3315 2066 3361 ostium
2095 3321 2191 3363 est.
2224 3310 2304 3362 Ex
2351 3328 2512 3380 supra
2565 3308 2732 3363 dictis

1692 3388 1848 3441 etiam
1866 3392 1963 3441 cur
1984 3389 2176 3459 plurali
2199 3407 2428 3442 numero
2439 3391 2596 3456 sossoe
2609 3389 2730 3441 Ma-

1694 3473 1877 3529 nance,
1913 3486 2022 3521 non
2047 3480 2223 3521 autem
2240 3470 2382 3535 fossa
2401 3469 2669 3532 Mariana,
2697 3487 2732 3523 ι

1694 3547 1892 3600 Nostro
1927 3560 2123 3600 vocatas
2153 3548 2290 3615 sint,
2317 3548 2532 3619 agnosci
2567 3549 2732 3603 facile

1695 3638 1881 3698 potest.
1908 3629 2015 3681 En.

1777 3708 1870 3759 30.
1931 3708 2140 3761 Nomine
2183 3713 2394 3778 insignes
2420 3726 2442 3760 .-
2483 3706 2732 3779 Stagnum

1693 3787 2008 3839 Mastramela
2043 3806 2064 3840 .·
2103 3788 2346 3859 oppidum.
2389 3788 2476 3840 Sic
2519 3788 2736 3860 legebat

1695 3866 1962 3931 Ortelius3
1989 3866 2134 3939 apud
2163 3869 2341 3921 Dalec.
2373 3886 2502 3921 vero
2527 3882 2586 3921 et
2609 3870 2732 3925 Elz.

1695 3948 1901 3999 Nomine
1931 3952 2118 4017 insigne
2142 3961 2368 4019 stagnum
2392 3964 2406 4000 :
2443 3950 2734 4003 Astmmela

1695 4027 1918 4096 oppidum
1932 4067 1949 4092 ,
1977 4041 2078 4081 etc.
2097 4028 2435 4099 Efflagitabat
2456 4029 2643 4082 Delec.
2667 4041 2734 4083 ut

1695 4120 2072 4177 reponeretur,
2099 4108 2308 4163 Nomine
2329 4110 2510 4162 Latera
2539 4114 2732 4181 insigne
