2950 5017
749 357 1256 428 PARADISI
1318 362 2004 435 TERRESTMS,
2304 367 2443 468 767

309 491 468 545 quam
504 474 560 526 in
586 474 764 527 lacum
793 475 1149 542 Genesaram,
1175 477 1287 533 sive
1321 479 1657 544 Tiberiadis,
1697 483 1964 539 illabatur.
2000 485 2089 542 Sic
2122 487 2267 542 enim
2308 491 2447 545 Gen.

307 580 446 626 xm,
473 578 545 632 9:
578 560 760 616 «dixit
796 563 996 616 Abram
1019 562 1105 628 ‚ad
1143 565 1304 618 Lot...
1333 566 1474 620 Ecce
1509 569 1759 624 universa
1794 581 1935 626 terra
1972 591 2157 630 coram
2189 586 2243 631 te
2282 589 2397 632 est:
2422 605 2443 627 .

309 647 414 700 hoc
435 660 542 710 est,
567 660 709 703 terra
733 667 830 704 seu
853 651 1004 723 regio
1027 652 1408 725 circumjacens
1429 655 1489 708 in
1514 675 1579 710 eo
1603 669 1799 712 tractu.

307 819 340 884 S
364 835 411 868 ι.
429 818 706 883 Explican'o
726 836 899 868 versus
922 821 1082 869 octavi
1100 837 1122 869 .·
1158 843 1182 866 ι
1201 822 1519 873 Plantas-erat
1542 839 1705 876 amem
1736 830 1976 880 Dominus
2002 835 2135 882 Deus
2152 836 2451 900 paradisum
2510 837 2516 844 ’

448 905 717 972 voluptate&
751 923 788 955 a
811 906 1064 974 principio
1079 924 1099 958 .-
1121 908 1176 957 ἰιι
1199 925 1297 975 quo
1315 911 1485 976 posuit
1508 913 1747 966 homnem
1775 933 1921 983 quem
1925 917 2260 984 formaverat.
2278 945 2307 968 a·

375 1049 710 1098 plantaverat.
739 1042 1063 1101 conseverat
1084 1045 1274 1120 plantis
1291 1067 1385 1104 sen
1409 1049 1671 1124 virgultis,
1694 1053 1871 1127 qualia
1898 1073 2312 1117 commemorata
2328 1078 2453 1119 sunt

301 1149 464 1187 versu
497 1135 685 1207 quinto
703 1171 720 1199 ‚
757 1135 934 1190 locum
971 1136 1292 1208 peculiarem
1313 1176 1334 1203 ,
1361 1151 1421 1192 ut
1447 1151 1583 1193 esset
1610 1139 1655 1195 is
1681 1141 1871 1198 hortus
1910 1164 2005 1200 seu
2035 1149 2323 1204 Paradisus
2358 1173 2453 1207 vo·

301 1220 516 1293 luptatis
536 1238 554 1286 3
577 1233 629 1276 et
653 1240 810 1296 quem
833 1233 984 1276 extra
1010 1223 1320 1278 Paradisum
1344 1226 1621 1282 hominem
1644 1229 1885 1286 condidit
1900 1273 1918 1299 ,
1942 1233 1997 1286 in
2022 1253 2087 1288 eo
2106 1239 2449 1310 postmodum

305 1310 608 1366 collocavit.

321 1397 328 1404 .
377 1409 668 1458 Paradisum
703 1409 994 1475 voluptatis.
1033 1407 1293 1462 Hebraice
1312 1447 1328 1474 ‚
1359 1415 1659 1512 ἶἺῊΞ-τζ
1702 1409 2047 1483 gliumbeeden
2074 1441 2095 1472 .·
2124 1423 2273 1494 quod
2312 1429 2449 1481 verti

302 1513 550 1574 oportere
581 1503 1015 1557 Hebraizantibus
1040 1503 1282 1573 videtur,
1307 1511 1602 1588 Paradisum
1626 1513 1678 1562 in
1708 1507 1845 1564 leden
1864 1534 1884 1564 .·
1910 1515 2163 1586 quoniam
2192 1519 2329 1576 illud
2359 1531 2449 1596 2,

301 1590 448 1662 quod
486 1591 697 1660 inquit,
745 1583 909 1645 latine
951 1585 1098 1645 idem
1139 1583 1280 1646 valet
1314 1613 1377 1647 ac
1415 1597 1719 1668 propositio
1758 1600 1839 1664 in,
1882 1599 1985 1654 loci
2028 1605 2188 1658 situm
2230 1607 2457 1667 indicat.

301 1675 530 1732 Perinde
547 1679 698 1751 quasi
723 1699 835 1734 non
859 1693 914 1734 et
933 1681 1244 1752 qualitatem
1264 1681 1360 1748 rei,
1380 1701 1444 1738 ac
1465 1682 1689 1738 modum
1709 1703 1957 1760 peraque
1980 1689 2251 1765 designet:
2272 1701 2451 1772 cnjus-

301 1774 450 1828 modi
475 1775 608 1828 illud
633 1787 732 1841 est,
747 1777 885 1830 Gen.
909 1793 1004 1843 111,
1040 1794 1138 1846 19:
1167 1778 1270 1830 «In
1301 1777 1500 1832 sudore
1524 1787 1733 1864 1157:
1782 1789 2003 1840 beschehe
2039 1791 2219 1848 vultus
2252 1796 2329 1849 tui
2360 1818 2449 1853 ve·
2476 1845 2481 1848 .

299 1863 466 1918 sceris
499 1882 653 1936 pane.
671 1889 698 1911 ι»
722 1864 791 1916 Et
815 1863 950 1918 Gen.
977 1883 1146 1919 xxxxv
1164 1901 1184 1932 ,
1219 1865 1282 1918 13
1310 1882 1325 1920 :
1361 1892 1383 1914 ·
1399 1871 1807 1941 Responderunt
1828 1873 1929 1928 filii
1954 1879 2123 1933 Jacob
2146 1881 2361 1940 Sichem
2396 1901 2452 1943 et

297 1961 443 2032 pau-i
472 1962 585 2034 ejus
605 1967 906 2032 m'lnn
925 1964 1190 2016 bemirmah
1207 2001 1223 2025 ,
1247 1963 1304 2016 in
1323 1963 1470 2019 dolo.
1492 1991 1519 2013 :o
1543 1967 1735 2041 Itaque
1760 1969 1862 2024 isto
1888 1973 2053 2028 etiam
2079 1975 2197 2032 loco
2220 1983 2451 2054 qualita-

297 2059 410 2102 tem
445 2047 587 2102 horti
619 2048 867 2117 denotat,
895 2049 1210 2106 Paradisum
1241 2051 1494 2108 videlieet
1519 2055 1577 2108 in
1614 2057 1889 2131 voluptate
1922 2082 1937 2115 ε
1978 2062 2035 2116 id
2069 2067 2216 2136 quod
2254 2073 2453 2127 rectius

297 2137 526 2209 exprimi
551 2139 714 2192 sensit
738 2138 988 2210 vulgatus
1015 2140 1318 2212 Interpres,
1361 2143 1407 2194 si
1433 2141 1663 2209 diceret,
1692 2152 1988 2202 Paradisum
2013 2159 2305 2224 voluptatis.
2336 2161 2451 2216 Nee

293 2223 460 2278 aliam
500 2243 613 2278 esse
655 2224 972 2300 sententiam
1011 2225 1225 2278 Hebraei
1264 2227 1431 2298 ipsius
1473 2231 1793 2303 exemplaris
1830 2234 1963 2290 inde
2001 2255 2257 2312 apparet,
2300 2250 2450 2319 qnod

296 2331 458 2367 versu
483 2312 680 2366 deinde
712 2311 774 2365 15
815 2311 976 2386 hujus
1001 2313 1226 2368 secundi
1251 2315 1474 2387 capitis,
1522 2329 1577 2371 et
1605 2320 1783 2392 capite
1808 2327 2083 2394 sequenti,
2112 2347 2269 2386 versu
2300 2336 2365 2390 23
2398 2351 2452 2392 et

301 2407 370 2464 ²4
387 2440 406 2467 ‚
430 2401 534 2455 hoc
559 2411 670 2467 est,
698 2401 1024 2473 ubicumque
1051 2413 1238 2473 postea
1263 2407 1537 2456 Par-adistis
1560 2410 1834 2479 voluptatis
1857 2411 2100 2470 similiter
2125 2419 2449 2480 commemo-

295 2511 474 2565 ratur,
511 2496 772 2551 Hebraice
803 2509 882 2550 est
915 2496 1281 2566 solummodo,
1307 2500 1510 2572 absque
1543 2521 1607 2557 ea
1644 2504 1818 2559 littera
1856 2511 2035 2564 servili
2073 2519 2159 2584 2,
2195 2522 2443 2628 3757}

289 2590 601 2657 gline-eden.
643 2585 802 2639 Unde
827 2599 882 2641 et
905 2605 1075 2659 graeca
1101 2587 1216 2659 ipsa
1240 2589 1404 2642 etiam
1439 2590 1761 2663 exemplaria
1788 2595 2019 2664 habent,
2042 2604 2211 2673 παράὸ
2222 2623 2341 2669 recog
2364 2619 2449 2673 τῆς·

295 2689 490 2754 τρυφῆς.
512 2682 602 2737 Sic
619 2682 740 2736 lsai.
760 2701 818 2736 u
833 2721 848 2748 ,
873 2683 904 2736 3
927 2701 944 2736 ε
969 2689 1103 2785 ῚἹῈ
1123 2688 1295 2749 Edere,
1316 2685 1519 2741 deliciae
1544 2701 1705 2744 sunta
1733 2691 1841 2744 «Et
1861 2707 2025 2764 ponet
2044 2696 2311 2757 desertum
2331 2707 2445 2780 ejus

293 2779 448 2851 qnasi
481 2778 696 2832 delicias
713 2817 729 2842 ‚
760 2790 812 2832 et
839 2779 1178 2833 solitudinem
1207 2784 1324 2854 ejm
1353 2783 1504 2852 quasi
1532 2785 1748 2839 hortum
1778 2789 2010 2844 Domini.
2032 2817 2056 2841 ι
2092 2795 2283 2870 Neque
2314 2822 2445 2860 vero

287 2879 436 2920 esset
459 2879 644 2921 contra
667 2866 810 2939 leges
832 2869 960 2920 artis
985 2869 1152 2922 oratio
1169 2909 1185 2936 ,
1213 2870 1258 2923 si
1286 2871 1408 2942 quis
1427 2872 1532 2925 hoc
1554 2873 1673 2926 loco
1700 2875 1969 2932 Geneseos
1991 2893 2222 2938 verteret
2236 2927 2254 2954 ,
2281 2897 2445 2945 Para-

291 2959 456 3010 disum
472 2960 524 3007 in
545 2960 798 3024 voluptate
813 2977 834 3008 .-
853 2956 928 3010 sic
947 2956 1090 3008 enim
1113 2957 1256 3030 apud
1276 2960 1535 3014 Basiliam
1558 2960 1701 3034 legas
1717 3001 1735 3027 ,
1754 2965 1811 3018 in
1830 2965 2049 3023 homilia
2072 2971 2138 3027 de
2159 2973 2443 3035 Paradiso:

295 3047 344 3096 ἐν
371 3035 512 3115 imp.
528 3083 544 3109 ,
566 3043 727 3112 φησὶν,
757 3045 977 3112 ἐφύτευσε
997 3062 1010 3075 ·
1034 3047 1270 3099 τουτέστιν
1285 3084 1300 3110 ,
1329 3049 1376 3098 ἐν
1401 3054 1463 3116 τῇ
1489 3055 1657 3118 τρυφῇ

365 3139 416 3186 A
427 3135 690 3203 principio.
709 3132 898 3186 Primis
915 3131 1104 3186 diebus
1121 3171 1137 3196 ‚
1167 3146 1292 3187 ante
1307 3135 1689 3191 formationem
1708 3139 1956 3198 hominis.
1986 3148 2111 3212 Quo
2132 3167 2330 3226 nempe
2352 3157 2441 3213 die

292 3233 432 3274 terra
447 3223 594 3292 jussa
619 3229 698 3273 est
722 3219 1041 3290 germinare,
1068 3233 1122 3274 et
1147 3221 1366 3276 arbores
1390 3223 1693 3296 producere
1712 3228 1960 3300 virgulta,
1983 3244 2037 3286 et
2059 3235 2281 3294 herbam
2304 3261 2319 3296 :
2347 3245 2440 3300 die

291 3309 482 3362 mundi
520 3309 696 3362 tertio.
725 3309 988 3381 vulgatus
1022 3311 1324 3382 Interpres‚
1355 3330 1520 3385 quem
1555 3334 1655 3386 ego
1693 3317 1869 3371 virum
1903 3323 2205 3380 oao‘mcuorov
2241 3331 2402 3388 fuisse
2422 3375 2439 3399 ‚

291 3395 442 3470 quod
465 3407 516 3451 et
541 3395 803 3450 Melchior
823 3397 998 3450 Canus
1027 3397 1290 3464 affirmat3
1313 3414 1406 3454 aut
1432 3415 1575 3456 certe
1606 3421 1763 3475 supra
1788 3409 2033 3463 mortales
2060 3425 2277 3471 caeteros
2299 3424 2440 3493 peri-

287 3485 550 3539 tissimum
582 3497 698 3538 tum
733 3484 927 3555 lingum
965 3486 1270 3554 Hebraicae,
1301 3500 1416 3542 tum
1445 3491 1671 3545 aliarum
1706 3491 2138 3566 disciplinarum,
2166 3515 2277 3558 tum
2308 3527 2437 3563 vero

289 3570 540 3643 inprimis
573 3571 872 3626 traditionis
905 3573 962 3626 in
1002 3573 1160 3628 rebus
1185 3573 1412 3641 divinis,
1449 3577 1591 3632 vidit
1626 3581 2105 3655 perspicacissime,
2132 3609 2242 3645 non
2272 3595 2436 3652 fuisse

289 3671 396 3724 hoc
427 3669 547 3722 loco
572 3669 848 3723 Hebraeam
871 3688 1057 3724 vocem
1083 3675 1312 3746 nff'pn
1338 3677 1601 3728 miklcedem
1629 3679 1957 3742 vertendam,
1985 3692 2051 3736 ab
2088 3691 2315 3759 Oriente,
2342 3711 2435 3748 aut

290 3785 464 3820 ver-sus
487 3770 729 3819 Orientem
746 3787 766 3818 .·
789 3768 1046 3838 quoniam
1084 3786 1197 3821 non
1223 3783 1358 3823 esset
1381 3772 1532 3826 locus
1558 3773 1798 3828 Paradisi
1826 3777 1891 3830 ad
1920 3779 2043 3833 solis
2071 3799 2309 3842 exortum
2345 3811 2432 3846 re·

290 3867 479 3928 spectu
501 3866 653 3908 terrae
679 3856 928 3910 Chanaan
953 3857 1065 3910 sive
1081 3859 1371 3914 Palaestinae
1388 3901 1403 3927 ,
1427 3879 1589 3932 qnam
1612 3863 1787 3918 Moses
1812 3869 2108 3938 spectabat,
2134 3893 2299 3946 quum
2318 3880 2434 3935 haec

291 3944 572 4010 scriberet,
597 3944 866 4018 siquidem
899 3963 1022 4019 pars
1059 3949 1173 4019 ejus
1200 3960 1354 4004 terra
1383 3949 1668 4007 Paradisus
1691 3954 1800 4025 ipse
1827 3968 1976 4013 esset.
2005 3961 2216 4036 Alioqui
2248 3985 2433 4024 vocem
