2950 5017
697 360 843 443 400
1248 359 1328 451 c.
1381 358 1723 428 PLINII
1769 358 1990 429 NAT.
2041 358 2302 428 Hls‘r.

697 492 986 563 nominis
1011 490 1218 560 fluvio
1245 491 1630 586 impositum
1647 544 1667 579 ‚
1690 492 1828 586 jam
1849 489 2318 565 solitudinibus
2339 491 2630 563 vicinum
2647 546 2667 581 ‚
2690 492 2804 565 ele·

696 599 1235 696 phantommque
1287 597 1601 692 gregibus
1659 596 1973 667 infestum
2002 651 2025 686 ‚
2086 597 2302 670 multo
2352 611 2577 671 tamen
2625 600 2808 694 magis

696 702 1083 773 Autololum
1094 688 1147 745 ³⁷
1177 717 1410 799 gente,
1444 728 1567 835 ξει-
1602 728 1804 799 quam
1840 706 1966 774 iter
2000 718 2104 776 est
2139 704 2222 774 ad
2263 718 2563 775 montem
2599 704 2807 777 Africae

698 809 805 880 vel
850 795 1443 880 fabulosissimum³
1503 808 1859 880 Atlantem.

804 918 864 985 E
904 902 1200 987 mediis³⁹
1246 916 1432 985 hunc
1469 917 1689 986 arenis
1728 917 1797 986 in
1838 913 2074 987 caelum
2117 915 2331 988 attolli
2370 915 2808 1010 prodiderunt,

697 1045 1009 1118 asperum
1027 1074 1048 1107 ‚
1094 1019 1534 1117 squalentem,
1575 1046 1709 1117 qua
1738 1035 1974 1117 vergat
2006 1022 2093 1091 ad
2135 1022 2362 1093 littora
2406 1024 2647 1094 Oceani
2664 1074 2683 1107 ‚
2713 1023 2810 1094 eui

695 1153 1073 1224 cognomen
1114 1129 1431 1224 imposuit
1462 1154 1478 1197 :
1518 1129 1827 1198 eumdem
1870 1153 2156 1222 opacum
2179 1182 2200 1213 ‚
2241 1153 2806 1222 nemorosumque,

695 1248 766 1304 et
794 1235 1112 1305 scatebris
1152 1235 1433 1304 fontium
1471 1235 1735 1330 riguum
1756 1287 1778 1321 ‚
1815 1258 1949 1329 qua
1985 1248 2243 1329 spectat
2271 1222 2649 1314 Africam⁴⁰‚
2679 1234 2809 1304 fm-

696 1341 913 1411 ctibus
965 1342 1264 1410 omnium
1312 1365 1634 1436 generum
1687 1355 1925 1436 sponte
1968 1342 2061 1410 ita
2101 1341 2646 1412 subnascentibus
2670 1394 2691 1428 ,
2739 1355 2808 1410 ut

694 1470 1060 1541 numquam
1091 1448 1359 1517 satietas
1383 1444 1839 1542 voluptatibus
1864 1446 2052 1516 desit.
2081 1445 2469 1518 Incolarum
2505 1448 2807 1520 neminem

694 1553 982 1622 interdiu
1025 1554 1254 1623 cerni:
1300 1550 1495 1622 silere
1542 1555 1806 1641 omnia,
1846 1552 2029 1621 haud
2076 1551 2240 1642 alio,
2284 1578 2489 1648 quam
2530 1551 2808 1624 solitudi-

692 1683 856 1728 num
893 1658 1175 1729 horrore
1208 1683 1224 1727 :
1265 1658 1490 1728 subire
1526 1660 1794 1728 tacitam
1830 1657 2219 1753 religionem
2254 1661 2516 1730 animos
2559 1660 2806 1754 propius

690 1763 1147 1834 accedentium
1167 1818 1188 1851 ,
1230 1779 1603 1859 praeterque
1622 1752 1670 1796 ⁴¹
1701 1765 2054 1836 horrorem
2089 1764 2243 1835 elati
2257 1757 2310 1803 ⁴²
2335 1790 2542 1860 super
2574 1762 2807 1851 nubila,

691 1884 891 1964 atque
937 1871 1006 1939 in
1050 1871 1359 1940 viciniam
1377 1855 1428 1902 ⁴³
1486 1867 1735 1941 lunaris
1784 1870 2034 1942 circuli.
2081 1871 2412 1942 Eumdem
2430 1859 2483 1903 ⁴⁴
2533 1870 2806 1941 noctibus

690 1977 941 2048 micare
975 1976 1227 2047 crebris
1259 1975 1560 2071 ignibus,
1598 1962 2066 2073 AEgipanum⁴⁵
2108 1979 2627 2074 Satyrorumque
2653 1975 2807 2049 lasci·

689 2229 783 2288 41.
819 2223 960 2278 Σάλα-
978 2223 1119 2285 πολις
1143 2222 1464 2283 Ptolemae,
1490 2223 1597 2277 loc.
1625 2222 1717 2277 cit.

683 2314 740 2355 et
763 2304 905 2357 Σάλα
921 2302 1168 2373 ποταμός.
1185 2302 1351 2366 Σάληξ
1370 2301 1716 2371 Philostrato,

685 2379 755 2436 de
785 2382 896 2435 vita
925 2381 1114 2453 Apoll.
1138 2381 1234 2438 lib.
1254 2382 1329 2446 V,
1345 2399 1462 2454 cap.
1503 2398 1529 2434 1
1555 2420 1574 2449 ‚
1594 2399 1717 2455 pag.

689 2479 817 2530 ²09·
833 2463 901 2516 At
913 2461 1056 2515 amni
1064 2479 1210 2514 nunc
1217 2479 1416 2515 nomen
1435 2473 1515 2515 est
1527 2460 1714 2526 Asmir,

683 2553 821 2593 auct.
840 2542 904 2594 L.
914 2541 1135 2606 Enaist,
1145 2540 1314 2611 Geog.
1328 2540 1586 2596 Nubiens.
1598 2560 1718 2612 pem

675 2622 838 2690 prima
851 2620 1033 2673 climat.
1049 2622 1183 2672 tertii
1194 2657 1212 2684 ,
1228 2638 1286 2691 p.
1299 2638 1373 2690 77
1392 2639 1410 2688 ς
1428 2620 1717 2691 Bmgrag,

679 2712 822 2754 auct.
851 2699 1034 2753 Iocone
1063 2698 1348 2761 AfricanO,
1398 2699 1590 2767 Africa
1614 2699 1717 2750 De-

680 2782 847 2850 scripe.
867 2778 965 2831 lib.
989 2778 1102 2843 IX,
1120 2796 1244 2850 pag.
1265 2777 1379 2847 733
1399 2795 1415 2844 3
1450 2778 1718 2833 Wadi-al-

682 2858 873 2913 Rama
890 2896 907 2923 ,
929 2870 988 2911 ut
1006 2857 1257 2911 nonnulli
1273 2858 1363 2912 alii
1385 2858 1596 2913 volunt.
1606 2858 1713 2913 En.

763 2935 858 3008 37.
887 2937 1191 2992 Autololum.
1221 2939 1302 2990 De
1343 2936 1429 2990 his
1469 2936 1713 2997 inferius.

680 3016 857 3070 Habet
887 3016 1004 3070 hnc.
1034 3034 1248 3089 quoque
1272 3016 1441 3071 Solia.
1471 3033 1524 3071 ο.
1552 3034 1677 3072 xxrv
1694 3055 1714 3086 ,

681 3114 804 3169 pag.
837 3095 933 3161 45.
963 3095 1149 3151 Ηιιυ.

763 3175 858 3231 38.
934 3175 1360 3229 fabulosissimum
1437 3153 1720 3230 Aetatem.

678 3254 925 3308 Mentem
954 3254 1112 3311 illum
1143 3253 1377 3327 antiquis
1406 3253 1712 3311 celebratis·

678 3334 894 3389 simum.
913 3333 997 3388 Cl.
1021 3332 1179 3388 Sunt
1199 3372 1217 3402 ,
1242 3335 1490 3405 Veregra,
1505 3336 1707 3398 tom.1‚

678 3432 799 3485 pag.
828 3414 884 3469 8.
924 3412 1146 3467 Summa
1180 3414 1293 3485 ejus
1313 3416 1440 3486 juga
1465 3412 1710 3469 altitudi-

677 3512 804 3548 nem
817 3493 1080 3548 montium
1103 3491 1394 3549 Britannia
1418 3512 1531 3549 non
1556 3511 1713 3569 snpe-

678 3584 822 3626 rant.
844 3574 1014 3626 naor.

760 3650 853 3722 39.
881 3652 935 3705 E
963 3651 1146 3705 medin.
1173 3649 1303 3708 Hac
1331 3650 1533 3723 pariter
1560 3652 1706 3707 Mar-

546 3727 555 3739 “
676 3731 873 3796 tianus,
887 3731 982 3784 lib.
995 3733 1077 3784 VI
1089 3768 1107 3795 ‚
1121 3747 1240 3802 cap.
1258 3730 1327 3786 de
1350 3732 1538 3785 Africa
1552 3771 1569 3797 ,
1582 3750 1706 3805 pag.

683 3830 747 3865 αι
762 3811 793 3865 ⁵
812 3850 829 3878 ,
850 3823 905 3865 et
930 3808 1142 3865 Solinus
1157 3848 1176 3877 ,
1197 3809 1322 3865 loco
1345 3811 1438 3866 cit.
1461 3830 1587 3884 pag.
1610 3815 1704 3875 46.

1803 2221 2066 2277 nimirum
2109 2219 2297 2279 Africa
2334 2234 2558 2279 vocetur
2578 2261 2598 2292 ,
2631 2221 2694 2276 de
2716 2238 2803 2295 qua

1802 2320 1852 2357 c.
1882 2303 1936 2356 3.
1969 2302 2155 2356 Hsnn.

1884 2388 1916 2448 4
1928 2401 1950 2436 1
1961 2421 1975 2435 .
1992 2381 2288 2454 Proeterque.
2301 2380 2684 2456 Proetereaqne.
2699 2379 2803 2433 Vox

1802 2459 1984 2514 Plinio
2023 2478 2281 2534 perquam
2315 2461 2602 2516 familiaris.
2642 2460 2705 2513 Η.
2736 2492 2804 2503 -

1803 2540 1987 2595 Chiffl.
2007 2552 2281 2612 preterque
2309 2553 2550 2596 terme-em.
2578 2543 2675 2595 En.

1885 2626 1980 2686 4²·
2012 2621 2174 2674 Elati.
2196 2620 2551 2693 subintellige
2565 2660 2583 2686 ,
2602 2617 2799 2682 montis,

1800 2699 1892 2771 qui
1920 2712 2079 2772 caput
2106 2702 2245 2754 ultra
2280 2701 2469 2756 nubila
2494 2700 2707 2761 condat,
2736 2710 2801 2751 nt-

1800 2797 1906 2850 que
1932 2778 2003 2833 ad
2031 2779 2206 2851 ipsum
2244 2780 2415 2833 Luna
2452 2781 2699 2836 circulum
2726 2796 2799 2830 sc·

1800 2857 1990 2914 cedere
2009 2857 2269 2912 videatur.
2281 2885 2304 2907 ι
2321 2858 2486 2925 Quod
2498 2859 2649 2912 altius
2660 2874 2798 2930 quam

1800 2938 2040 3010 conspici
2088 2950 2298 3009 potest,
2344 2956 2515 3010 usque
2557 2938 2613 2993 in
2638 2935 2796 2990 nubila

1797 3017 2043 3088 erigitur,
2056 3018 2245 3071 calum
2271 3031 2325 3072 et
2345 3017 2520 3073 sidera
2539 3037 2643 3070 non
2657 3013 2797 3069 modo

1798 3109 2017 3170 tangere
2039 3098 2241 3151 vertice
2256 3136 2273 3164 ,
2293 3096 2389 3151 sed
2413 3098 2664 3151 sustinere
2684 3113 2798 3168 qno-

1797 3194 1908 3250 que
1926 3175 2105 3230 dictus
2119 3189 2219 3240 est,
2259 3202 2282 3223 ι
2318 3177 2499 3250 inquit
2531 3176 2695 3247 Mela,
2714 3174 2792 3227 lib·

1797 3256 1916 3319 111,
1956 3275 2076 3327 cap.
2112 3274 2195 3309 ιο.
2223 3255 2411 3310 Ilum.

1880 3333 1974 3399 43.
2005 3336 2262 3389 Vicinium.
2289 3335 2476 3390 Chim.
2510 3338 2681 3389 vicina.
2701 3331 2789 3387 En.

1878 3420 1973 3481 44.
1996 3415 2232 3468 Eumdem
2254 3416 2489 3469 noctibas.
2517 3415 2791 3482 Daleoemp.

1795 3494 2097 3569 eumdemque
2111 3533 2129 3562 ,
2174 3495 2357 3549 invitis
2401 3494 2562 3551 codd.
2604 3506 2715 3547 vett.
2748 3501 2793 3542 et

1795 3573 1980 3629 Chiffl.
2007 3575 2112 3630 En.
2137 3575 2447 3629 -Solinns
2467 3613 2485 3641 ‚
2520 3586 2574 3628 et
2604 3569 2790 3627 martir

1794 3673 1925 3721 nus,
1944 3654 2069 3709 loco
2086 3653 2232 3708 citat.
2254 3655 2336 3707 De
2355 3654 2696 3729 AEgipanibus
2713 3651 2790 3705 S·-

1794 3734 2036 3807 tyrisque
2057 3733 2294 3790 dicemus
2318 3752 2436 3807 cap.
2463 3737 2515 3790 8.
2547 3734 2713 3787 nnn.

1877 3812 1970 3877 45.
1987 3814 2297 3885 AEgs‘panum
2313 3811 2784 3887 Satymrmque,etc-

757 3895 848 3955 4ο.
882 3890 998 3959 Qua
1024 3901 1211 3962 spectat
1235 3889 1477 3960 Africam.
1519 3889 1705 3946 Chim.
1790 3892 1917 3947 Hac
1936 3893 2117 3949 omnia
2135 3892 2343 3948 fabulas
2369 3912 2483 3949 esse
2504 3892 2686 3947 merito
2710 3886 2788 3941 do·

675 3989 773 4042 qna
821 3980 1016 4038 spectet.
1059 3972 1168 4026 En.
1193 4003 1276 4018 --
1315 3972 1452 4038 Qun
1482 3971 1704 4045 proprie
1791 3986 1875 4027 cet
1895 3972 1981 4028 Cl.
2008 3974 2190 4039 Sunt,
2217 3972 2341 4028 loeo
2357 3974 2536 4030 citato.
2562 3974 2782 4042 Atqunm
