2950 5017
1078 421 1386 490 LIBER
1441 421 1590 491 VI:
2245 422 2420 495 605·

257 555 452 648 gestis
493 579 533 623 a
566 551 905 622 Domitio¹
946 552 1365 638 Corbulone,
1404 554 1800 648 regibusque
1836 553 1988 622 inde
2019 557 2232 626 missis
2255 583 2404 652 sup-

256 660 571 753 plicibus,
619 674 735 728 aut
794 684 1025 753 regum
1070 657 1291 728 liberis
1329 659 1689 729 obsidibus.
1729 659 2131 730 Ordiemur'
2175 677 2397 733 autem

253 789 290 832 a
324 765 810 860 Cappadocum
868 778 1082 858 gente.
1133 767 1550 861 Longissime
1592 766 1735 836 haec
1776 768 2199 836 Ponticarum
2256 793 2399 839 om·

252 873 436 940 nium
474 857 843 941 introrsus³
873 871 1225 954 recedens,
1246 874 1570 942 minorem
1599 875 1985 942 Armeniam
2009 875 2401 967 ,majorem-

252 1001 416 1070 que‚
457 992 529 1046 et
573 981 1071 1107 Commagenen
1114 965 1321 1046 laevo⁴
1380 1003 1503 1047 suo
1562 977 1765 1047 latere
1805 980 2092 1048 transit.
2134 968 2400 1049 dextra⁵

250 1107 410 1151 vero
474 1108 710 1152 omnes
764 1087 832 1150 in
872 1068 1067 1153 Asia⁶
1115 1082 1323 1153 dictas
1385 1097 1658 1178 gentes,
1704 1082 2005 1179 plurimis
2053 1087 2401 1180 superfusa

250 1188 517 1284 populis
563 1215 579 1257 :
640 1212 1016 1283 magnoque
1065 1191 1316 1285 impetu
1368 1189 1694 1258 scandens
1733 1190 1817 1260 ad
1859 1206 2080 1260 ortum
2136 1190 2288 1260 solis
2331 1208 2400 1261 et

250 1296 497 1364 Tauri
470 1319 669 1390 Juga,
714 1297 947 1364 transit
992 1297 1426 1390 Lycaoniam,
1468 1296 1811 1384 Pisidiam,
1844 1296 2176 1366 Ciliciam:
2215 1297 2398 1366 vadit

252 1423 451 1495 super
478 1400 848 1470 Antiochiae
872 1416 1191 1488 tractum,
1212 1417 1321 1470 -et‘
1349 1426 1558 1496 usque
1581 1388 1686 1470 ad
1724 1403 2218 1494 Cyrrhesticam
2255 1403 2396 1498 ejus

251 1509 621 1601 regionem,
667 1521 857 1601 parte
906 1531 1061 1593 sua,
1112 1533 1260 1602 quae
1306 1522 1589 1576 vocatur
1639 1509 1993 1587 Cataonia,
2033 1509 2392 1578 contendit.

252 1614 486 1706 ltaque
514 1613 604 1680 ibi
640 1610 985 1706 longitudo
1015 1615 1185 1683 Asiae
1215 1599 1355 1681 {11⁷
1383 1614 1861 1708 quinquaginta
1893 1612 2052 1682 mill.
2078 1638 2392 1708 passuum

252 1718 508 1788 efficit:
555 1716 877 1804 latitudo,
920 1741 1112 1788 1)ch
1148 1717 1305 1788 mill.

353 1814 744 1916 lx.(1x.)
806 1826 1125 1893 Armenia
1169 1823 1426 1894 autem¹
1466 1825 1682 1918 major
1720 1826 2042 1920 incipiens
2074 1850 2111 1894 a
2149 1826 2457 1920 Parya-1·

252 1928 424 2000 dtis-²
463 1931 841 2015 montibuS‚
898 1930 1243 2025 Euphrate
1281 1955 1478 1999 amne
1487 1919 1539 2067 (
1569 1945 1645 1999 ut
1670 1929 1920 2000 dictum
1958 1945 2058 2000 est
2076 1917 2142 2019 3)
2175 1933 2390 2001 aufer·

252 2051 357 2105 tur
391 2035 896 2131 Cappadociae:
936 2051 1004 2107 et
1030 2060 1205 2130 qua
1198 2023 1511 2107 discedit⁴
1547 2036 1959 2130 Euphrates,
2000 2039 2392 2132 Mesopota-

327 2218 490 2273 vm.
518 2223 567 2270 ι’.
594 2217 651 2270 A
684 2217 918 2270 Domitio.
943 2217 1116 2282 Quem
1141 2216 1271 2269 reti·
1358 2215 1599 2270 chifflet.
1647 2227 1750 2270 etc.
1793 2234 1954 2289 quam
1991 2236 2130 2271 unus
2178 2218 2392 2273 Martia·

250 2296 437 2350 nendo
468 2296 735 2349 Armeniae
768 2297 913 2349 Nero
942 2296 1267 2367 praefecerat.
1354 2314 1472 2347 nus.
1501 2293 1682 2346 Hnnn.

250 2375 391 2430 Vide
420 2376 598 2430 Tacit.
641 2375 736 2428 lib.
762 2376 899 2427 XIII
916 2412 932 2439 ,
979 2394 1095 2445 cap.
1132 2381 1183 2440 8,
1217 2388 1271 2428 et
1436 2374 1538 2427 IX.
1558 2376 1860 2428 1.Armenia
1885 2388 2043 2428 autem
2067 2378 2256 2444 major,
2284 2391 2390 2432 etc.

250 2470 362 2511 toto
392 2456 506 2510 fere
529 2455 626 2507 lib.
664 2456 812 2507 XIV.
837 2451 1027 2506 Banu.
1357 2454 1652 2513 Martianus
1671 2492 1687 2519 ,
1711 2454 1832 2507 loco
1850 2454 2028 2511 citato.
2049 2456 2207 2510 Nunc
2227 2459 2388 2511 etiam

331 2555 384 2589 s.
422 2535 686 2589 ordiemur
708 2546 884 2586 autem.
906 2533 1032 2587 Huc
1046 2532 1271 2587 totidem

247 2616 413 2669 ferme
437 2615 613 2668 verbis
631 2613 924 2667 Martianus
962 2613 1242 2684 exscripsit
1256 2653 1272 2678 ,

244 2694 466 2755 lih.v1‚
492 2710 614 2764 cap.
648 2692 717 2747 de
746 2690 1081 2765 Cappadocia
1099 2732 1115 2758 ,
1152 2711 1269 2765 pag.

253 2795 384 2829 222.
409 2772 594 2823 ΒΑΜ).

329 2854 385 2907 3.
437 2854 701 2906 Introrsus.
753 2853 819 2904 In
859 2849 1058 2904 medias
1109 2863 1275 2904 terras

247 2934 584 3003 irrumpens,
619 2953 648 2986 a
672 2934 816 2987 Coro
842 2949 1023 2984 versus
1043 2932 1273 2995 Eurum,

248 3014 349 3066 hoc
372 3024 451 3065 est
471 3045 488 3073 ‚
513 3012 580 3064 ab
596 3012 807 3066 Euxino
820 3012 1000 3063 Ponto
1021 3009 1089 3065 ad
1106 3010 1274 3081 Syrio

247 3093 465 3146 limites.
495 3088 680 3144 Halm.

332 3178 385 3236 4.
418 3171 563 3223 Laevo
601 3173 688 3225 sub
721 3171 886 3223 latere.
926 3169 1043 3235 Qua
1072 3180 1275 3241 spectat

248 3252 533 3305 orientem.
560 3250 740 3303 Hann-

330 3328 1036 3401 6.Deaeera.P1-oponebnt
1086 3327 1269 3381 Dalec.

250 3409 438 3464 dextr-o.
464 3396 567 3462 Εἴ)

334 3509 390 3560 7.
435 3480 546 3542 ΧΤ]
579 3491 948 3563 quinquaginta.
985 3487 1108 3539 Hoc
1160 3498 1268 3551 est,

253 3566 540 3624 duodecies
598 3581 821 3623 centena
884 3564 1272 3639 quinquaginta

254 3650 418 3703 millia
439 3667 705 3723 passuum.
732 3647 1026 3701 Martianus
1038 3683 1056 3711 .,
1071 3645 1272 3709 lib.vl,

253 3747 366 3800 cap.
383 3728 453 3783 de
466 3726 819 3800 Cappadocia,
834 3744 891 3796 p.
913 3745 941 3778 2
953 3745 1045 3790 22,
1069 3737 1275 3778 utrum·

255 3827 358 3878 que
427 3826 713 3862 numerum
764 3807 981 3870 minuit,
1036 3805 1274 3858 scribens

256 3885 552 3951 dumtaxat,
586 3886 806 3940 undecies
846 3897 1042 3937 centena
1070 3884 1274 3955 quadra·

254 3970 408 4033 ginta.
435 3967 540 4021 Sed
570 3966 739 4020 nostri
768 3966 923 4020 nobis
953 3965 1121 4035 pluris
1148 3973 1274 4015 sunt

257 4044 461 4101 codices
484 4048 615 4118 neg.
639 4065 690 4112 ι,
712 4065 765 4112 2,
785 4045 941 4102 Con».
965 4061 1013 4111 1,
1041 4043 1272 4109 2,Paris.

1359 2535 1603 2586 Arme'nie.
1623 2534 1808 2587 Hum.

1443 2631 1472 2665 2
1487 2651 1500 2664 .
1525 2613 1581 2666 A
1601 2613 1892 2682 Paryadre's.
1913 2615 2096 2667 Dalec.
2120 2615 2388 2667 Pariedre's.

1361 2690 1573 2744 Horum
1633 2693 1896 2744 montium
1956 2695 2081 2764 juga
2151 2696 2390 2748 eminent

1360 2772 1524 2841 paulo
1558 2789 1716 2841 supra
1749 2770 2145 2843 Claudiopolim
2180 2773 2387 2847 Cappa·

1360 2849 1529 2904 dociae
1544 2888 1560 2915 ,
1586 2851 1683 2903 ubi
1716 2848 2015 2919 Euphrates
2038 2871 2148 2906 sese
2173 2852 2388 2906 flectens

1360 2947 1576 2983 cursum
1620 2927 1688 2982 ad
1726 2947 1972 2983 occasum
2019 2944 2072 2984 et
2104 2930 2386 2985 meridiem

1360 3009 1486 3080 agit.
1514 3005 1700 3059 Hum.
1723 3021 1776 3061 et
1796 3009 1902 3062 En.

1446 3087 1498 3141 3.
1542 3089 1612 3140 Ue
1632 3088 1811 3142 dictam
1852 3102 1940 3141 est.
1972 3088 2138 3142 Libro
2164 3092 2236 3152 V,
2268 3108 2386 3162 cap.

1367 3184 1467 3220 so:
1493 3193 1518 3215 ι
1539 3168 1682 3221 Fluit
1698 3167 2026 3238 Euphrates,
2056 3169 2263 3239 inquit,
2283 3172 2386 3221 Ar·

1360 3247 1553 3300 meniu
1584 3247 1829 3319 regiones
1870 3266 1901 3300 a
1930 3247 2270 3318 Cappadocia
2297 3267 2389 3302 ex-

1358 3323 1612 3392 cludens,
1649 3351 1672 3373 ·
1706 3326 1775 3378 ab
1804 3344 1992 3379 occasu
2013 3328 2288 3380 nimirum.
2315 3328 2387 3381 H.

1444 3411 1496 3469 4.
1526 3407 1628 3458 ·Et
1659 3425 1758 3478 qua
1797 3404 2017 3457 discedit.
2067 3406 2185 3471 Qua
2239 3419 2390 3477 parte

1358 3485 1592 3537 maxime
1631 3503 1663 3536 a
1709 3483 1862 3555 Tigri
1909 3502 2152 3538 occasum
2201 3505 2386 3539 versus

1359 3562 1594 3617 abscedit
1605 3563 1919 3633 Euphrates,
1936 3563 2013 3616 ibi
2036 3564 2195 3616 latius
2220 3583 2276 3618 se
2297 3583 2388 3618 ex-

1360 3642 1857 3707 tendensArmenia,
1870 3654 2026 3713 atque
2043 3643 2387 3715 ultrsTigrim

1359 3723 1415 3774 in
1443 3735 1625 3777 ortum
1643 3733 1918 3792 provecta,
1949 3741 1977 3774 a
2004 3722 2389 3792 Mesopotamia

1361 3801 1481 3871 ipso
1505 3819 1661 3855 amne
1695 3800 1848 3872 Tigri
1881 3799 2222 3871 dispescitur.
2250 3802 2387 3855 Nam

1361 3893 1655 3952 utrumque
1680 3898 1893 3933 amnem
1934 3880 2111 3933 fundit
2152 3880 2292 3951 ipsa,
2329 3899 2388 3933 uc

1362 3961 1523 4013 simul
1557 3958 1958 4031 Mesopotamia
1992 3960 2200 4012 initium
2229 3960 2384 4022 facit,

1358 4042 1468 4110 jam
1498 4053 1612 4092 tum
1652 4057 1683 4093 a
1709 4038 1886 4109 Tigris
1922 4040 2094 4093 amnis
2120 4039 2391 4094 fontibus:
