2950 5017
1097 441 1419 514 LIBER
1472 443 1604 512 VI.
2263 441 2418 523 655

284 594 354 648 et
388 577 639 671 Nysam
686 575 925 646 urbem
963 574 1261 671 plerique
1299 575 1508 647 Indiae
1547 573 1963 664 adscribunt,
2000 588 2428 677 montemque

284 687 592 771 Merum,
630 683 876 753 Libero
921 684 1102 752 Patri
1136 707 1397 752 sacrum
1432 683 1654 752 :unde
1704 685 1894 778 origo
1939 682 2209 772 fabulae,
2242 689 2426 758 Jovis

282 790 528 860 femine
562 789 833 859 editum.
872 792 1045 858 Item
1060 777 1109 816 ⁵²
1154 791 1521 860 Astacenus
1565 804 1862 884 gentem,
1903 791 2085 880 vitis,
2113 806 2181 862 et
2220 789 2424 879 lauri,
2469 826 2532 862 m

281 911 352 965 et
391 897 591 983 buxi,
618 917 1103 990 pomorumque
1134 896 1434 966 omnium
1464 897 1534 964 in
1566 897 1827 968 Graecia
1859 900 2272 968 nascentium
2294 900 2422 970 ser-

278 1000 487 1072 tilem.
518 1004 689 1092 Quae
723 1000 1154 1071 memoranda
1179 1053 1198 1088 ,
1230 1014 1297 1070 et
1332 1026 1546 1097 prope
1589 1001 1918 1089 fabulosa,
1960 1002 2045 1072 de
2089 1002 2424 1076 fertilitate

278 1123 473 1176 terrae
492 1161 512 1195 ‚
542 1132 620 1177 ac
653 1131 897 1203 genere
936 1106 1207 1203 frugum
1244 1108 1729 1204 arborumque,
1773 1124 1891 1178 aut
1931 1108 2222 1180 ferarum
2247 1164 2268 1198 ,
2306 1127 2420 1182 aut

274 1212 659 1300 volucrum,
700 1229 769 1282 et
806 1212 1085 1282 aliorum
1124 1213 1506 1284 animalium
1555 1214 1942 1299 traduntur,
1979 1217 2113 1284 suis
2145 1241 2422 1312 quaeque

272 1317 437 1388 locis
470 1321 538 1388 in
574 1319 828 1414 reliqua
861 1332 1051 1415 parte
1086 1323 1309 1414 operis
1346 1321 2074 1391 commemorabuntur.
2112 1324 2424 1412 Quatuor

270 1443 437 1495 vero
480 1427 783 1520 satrapiae
821 1449 979 1496 mox
1020 1425 1260 1521 paulo,
1306 1427 1389 1496 ad
1429 1426 1874 1522 Taprobanen
1915 1425 2196 1497 insulam
2229 1429 2419 1500 festi-

268 1547 475 1600 nante
524 1555 767 1602 animo.
2265 1555 2272 1562 ·

374 1623 569 1708 Sed⁵³
623 1651 777 1707 ante
822 1651 980 1706 sunt
1021 1634 1197 1724 aliae,
1233 1635 1490 1726 Patale,
1535 1661 1738 1732 quam
1779 1639 2296 1734 significavimus
2346 1642 2414 1710 in
2457 1678 2516 1714 ιι

264 1743 427 1837 ipsis
448 1743 752 1813 faucibus
770 1743 955 1828 Iudi,
990 1745 1316 1838 triquetra
1336 1729 1384 1775 ⁵⁴
1410 1743 1657 1840 figura,
1701 1727 1941 1815 ccxx⁵⁵
1981 1769 2060 1816 Μ.
2103 1770 2417 1842 passuum

262 1847 629 1919 latitudine.
655 1853 863 1919 Extra
892 1851 1137 1919 ostium
1164 1849 1352 1938 Indi,
1378 1850 1640 1944 Chryse
1651 1835 1703 1876 ⁵⁶
1720 1904 1739 1931 ,
1766 1865 1834 1919 et
1858 1853 2147 1946 Argyre,
2172 1851 2418 1922 fertiles

258 2101 319 2153 p.
350 2083 447 2154 59.
468 2085 693 2154 Accepit
719 2101 752 2137 a
781 2083 961 2137 Plinio
988 2083 1293 2150 Solinus,c.
1380 2081 1532 2137 Editi
1547 2085 1894 2155 ,Aspaganos
1917 2085 2098 2140 Chim.
2123 2087 2234 2140 inde
2250 2089 2414 2161 Aspa-

258 2181 367 2228 ur,
390 2181 447 2234 p.
480 2171 578 2234 74,
601 2163 965 2217 etMnrtianus
983 2162 1077 2215 lib.
1101 2163 1205 2221 vl,
1234 2181 1291 2233 p.
1376 2181 1556 2232 ganas.
1611 2163 1698 2216 Ex
1748 2165 2012 2220 Strabone
2069 2179 2126 2219 et
2179 2169 2410 2224 Arriano

262 2249 399 2304 ²²⁴·
437 2243 774 2315 Pomponius
808 2243 1076 2314 eleganter
1105 2260 1122 2296 :
1149 2267 1172 2290 ι
1190 2242 1297 2295 Ur·
1381 2243 1670 2296 Astacenus
1717 2244 2079 2309 restituimus,
2146 2264 2284 2317 quos
2325 2250 2407 2302 illi

256 2321 409 2375 bium
426 2359 444 2386 ,
464 2322 670 2394 inquit,
695 2340 827 2394 quas
856 2321 1126 2386 incolunt,
1146 2321 1293 2393 Nysa
1376 2321 1520 2375 inter
1540 2319 1742 2375 Indum
1759 2335 1815 2376 et
1832 2323 2130 2395 Cophetem
2140 2338 2404 2382 statuunt:

256 2413 337 2454 cst
354 2401 645 2456 clarissima
661 2402 953 2455 etmsxima
970 2418 985 2452 x
1004 2401 1290 2466 montium,
1377 2401 1574 2472 quibus
1608 2401 1854 2456 amnibus
1883 2405 2284 2474 comprehenso
2326 2427 2406 2462 re·

252 2479 589 2548 Heron-Iovi
602 2499 762 2535 sacer.
778 2479 821 2534 F
823 2497 995 2533 arnum
1014 2477 1141 2533 hine
1152 2498 1289 2551 prae·
1374 2479 1560 2550 giones
1581 2479 1770 2546 India,
1789 2492 1851 2534 ut
1867 2481 2072 2536 Plinius
2085 2501 2405 2555 praemonet,

254 2560 471 2632 cipusm
498 2560 728 2625 hahent,
754 2557 901 2632 quod
930 2560 987 2612 in
1012 2558 1104 2611 illu
1138 2559 1289 2631 geni·
1374 2559 1851 2614 adscribebanturn
1861 2561 2283 2632 plerisque.H.et
2296 2568 2404 2620 En.

252 2651 405 2708 tum,
441 2641 499 2693 in
526 2640 687 2712 hujus
707 2657 870 2711 specu
896 2639 1157 2692 Liberum
1184 2639 1286 2692 Pa·

250 2731 391 2772 trem
432 2719 765 2772 arbitrantur
810 2737 923 2772 esse
975 2717 1240 2770 nutritum
1265 2736 1282 2771 ε

250 2797 399 2852 unde
426 2799 629 2854 Grecis
644 2798 978 2860 auctoribus,
1000 2810 1062 2850 ut
1091 2797 1283 2850 femori

247 2878 403 2932 Jovis
418 2879 651 2932 insutum
665 2877 909 2932 dicerent
919 2915 937 2942 ‚
948 2889 1040 2930 aut
1058 2876 1283 2930 materia

248 2957 489 3029 ingessit,
520 2970 615 3011 aut
640 2975 809 3012 uror.
833 2981 857 3004 ι
890 2957 1059 3026 Μηρὸς
1078 2955 1283 3010 Grtecis

248 3037 428 3090 femur
453 3047 549 3091 est.
576 3037 810 3090 Arriano
828 3073 845 3100 ,
872 3035 941 3089 de
968 3033 1101 3106 Exp.
1122 3035 1279 3090 Alex.

246 3116 345 3169 lib.
374 3117 447 3174 V,
474 3137 535 3188 p.
559 3116 673 3172 313
692 3117 908 3181 ,Νύσσα
934 3117 1103 3180 πόλις,
1139 3115 1281 3168 inter

248 3195 567 3266 Cophenem
606 3209 661 3250 et
697 3193 897 3248 Indum
917 3233 934 3258 ,
975 3194 1163 3267 μιτιξὶι
1189 3199 1277 3247 τοῦ

246 3279 485 3346 Κωφῆνος
528 3277 617 3330 καὶ
644 3267 811 3329 Mos.
856 3276 937 3328 De
980 3292 1041 3329 ea
1097 3273 1279 3328 fabula

246 3355 407 3408 multi
438 3356 609 3409 mults
644 3354 857 3417 dixere,
892 3353 951 3407 in
976 3353 1277 3425 primisque

246 3433 601 3488 Philostratus
624 3433 693 3488 de
717 3434 828 3487 vita
855 3433 1034 3504 Apoll.
1058 3433 1156 3486 lib.
1183 3433 1240 3486 11
1258 3470 1278 3499 ,

244 3531 363 3586 cup.
389 3519 455 3580 4,
474 3533 531 3586 p.
554 3515 651 3580 653
680 3511 984 3575 Diodorus,
1014 3513 1158 3566 Bibl.
1178 3512 1271 3566 lib.

244 3593 322 3658 11,
340 3611 461 3665 pag.
484 3612 507 3647 ι
522 3594 625 3661 23;
650 3593 929 3664 Theophr.
946 3591 1145 3646 Histor.
1174 3591 1271 3646 lib.

240 3673 346 3739 IV,
386 3691 505 3745 cep.
536 3693 565 3726 ει
586 3713 603 3739 ,
628 3673 847 3744 aliique.
873 3673 943 3727 Η.
972 3705 1055 3716 -
1082 3671 1273 3739 Nunc,

240 3765 303 3806 ut
334 3753 411 3806 sit
434 3753 649 3806 nunt
675 3771 754 3806 nu
776 3755 1028 3818 Βοωοι,
1054 3753 1271 3822 Noughz

240 3833 355 3885 sive
380 3832 1009 3902 Deva-Naoucha-Nagaer,
1051 3831 1111 3888 id
1160 3843 1239 3887 est
1253 3870 1270 3900 ,

238 3913 367 3965 Divi
390 3911 592 3966 Bacchi
610 3910 895 3984 oppidum.
929 3913 1035 3964 En.

323 3992 417 4046 52.
447 3993 571 4044 Itum
600 3994 897 4046 Astacana.
942 3991 1074 4062 neg.
1124 4009 1177 4057 ι,
1207 4009 1263 4057 a,

240 4071 483 4126 colbert.
537 4091 589 4140 1,
643 4093 697 4138 s,
736 4071 902 4126 Paris.
946 4071 1263 4143 Aspaganos.

1456 2639 1554 2693 53.
1580 2638 1686 2692 Sed
1709 2651 1822 2694 ants
1859 2653 1972 2694 sunt
2003 2645 2134 2695 alia.
2157 2645 2288 2696 Aliae
2317 2646 2403 2700 in·

1371 2717 1500 2772 sulae
1531 2720 1686 2789 prius
1717 2719 2098 2774 memorendae.
2133 2723 2320 2776 Ham).

1454 2798 1550 2862 54.
1586 2799 1866 2870 Triquetra.
1895 2798 2058 2853 Unde
2091 2813 2144 2854 ct
2177 2803 2332 2858 Delta
2349 2803 2400 2859 ei

1368 2893 1590 2943 nomen,
1609 2891 1670 2930 ut
1691 2876 1943 2932 diximus.
1971 2877 2154 2932 Han.

1456 2956 1551 3011 55.
1599 2957 1770 3011 CXX
1797 2959 1916 3011 mill.
1949 2978 2086 3028 pass.
2123 2959 2394 3017 latitudine.

1366 3035 1492 3088 Vct.
1517 3035 1662 3107 apud
1681 3038 1860 3092 Dalec.
1888 3037 2131 3093 CXXX.
2157 3041 2395 3096 Insulam

1365 3114 1496 3168 facit
1509 3115 1680 3169 amnis
1704 3117 1759 3170 in
1785 3117 1904 3188 ipso
1922 3118 2060 3170 ostio
2087 3119 2144 3172 in
2167 3118 2302 3173 duos
2315 3122 2392 3174 al-

1364 3183 1494 3248 v'eos
1506 3195 1728 3250 divisum
1744 3215 1878 3268 quos
1893 3197 1948 3250 in
1959 3197 2070 3270 ipsa
2085 3197 2196 3252 basi
2210 3199 2396 3272 figura

1361 3272 1634 3346 triquetra
1659 3295 1820 3348 quum
1863 3275 2146 3340 exhibent,
2195 3277 2394 3334 distare

1360 3371 1390 3406 a
1412 3372 1469 3406 se
1497 3353 1730 3409 invicem
1750 3355 1895 3408 mille
1918 3354 2100 3410 stadiis
2133 3369 2186 3410 et
2222 3359 2392 3411 octin-

1359 3433 1531 3504 gentis
1563 3433 1838 3488 Nearchus
1861 3435 2036 3488 aicbat
2067 3435 2212 3507 apud
2245 3439 2391 3492 Stra·

1356 3513 1587 3578 bonem,
1614 3514 1710 3567 lib.
1749 3515 1878 3579 XV,
1905 3533 1962 3584 p.
1992 3531 2123 3584 701,
2147 3516 2252 3569 hoc
2283 3531 2389 3583 est,

1357 3610 1615 3663 passuum
1641 3591 1882 3646 millibus
1906 3611 2095 3647 ccxxv.
2123 3595 2194 3648 Η.
2216 3609 2268 3648 et
2278 3596 2387 3652 En.

1442 3673 1537 3726 56.
1566 3671 1750 3745 Chtssru
1773 3685 1824 3724 et
1841 3675 2060 3743 Argyre.
2091 3675 2172 3726 De
2196 3677 2390 3730 utrius-

1356 3769 1466 3822 que
1481 3752 1690 3816 insula,
1723 3763 1778 3806 et
1804 3751 2036 3824 Chryses
2063 3755 2354 3824 presertim
2369 3793 2386 3822 ,

1355 3830 1461 3885 situ
1478 3867 1498 3896 ,
1543 3829 1902 3903 discrepantes
1943 3845 2224 3887 auctorum
2265 3853 2386 3888 sen-

1354 3911 1534 3964 tentia
1583 3909 1816 3970 fuciunt,
1867 3921 1930 3964 ut
1979 3924 2158 3966 vatum
2205 3914 2387 3985 potius

1354 3990 1562 4045 somnia
1592 3991 1728 4044 mihi
1756 3989 2000 4063 quaedam
2035 4009 2147 4044 esse
2169 4029 2186 4056 ,
2222 4013 2384 4065 quam

1356 4087 1482 4125 veru
1497 4070 1645 4126 orbis
1659 4072 1776 4126 locu
1793 4067 2091 4126 videantur.
2115 4071 2260 4137 Quin
2275 4074 2387 4144 ipse
