2950 5017
590 436 731 521 432
1135 436 1602 507 C.PL1N11
1650 439 1865 509 NAT.
1918 442 2176 513 HIST.

590 597 702 639 eos
730 553 1330 639 Hammanientes³¹
1366 554 1779 639 duodecim3²
1810 570 2069 643 dierum
2092 576 2329 647 itinere
2358 601 2399 647 a
2424 584 2714 675 Syrtibus

581 676 950 769 majoribus
978 674 1063 743 ad
1093 674 1541 757 occidentem,
1572 689 1641 744 et
1674 677 1798 770 ipsi
1830 702 2325 773 quaquaversus
2352 690 2567 757 arenis
2602 697 2717 761 cit·-

591 782 925 852 cumdati:
961 796 1196 876 puteos
1235 795 1455 850 tamen
1476 780 1656 851 haud
1685 780 1988 855 difficiles
2022 786 2257 857 binum
2294 789 2501 861 ferme
2528 795 2717 865 cubi-

592 903 812 957 torum
841 890 1188 957 inveniunt
1214 886 1587 971 altitudine,
1624 887 1715 956 ibi
1746 894 2277 985 restagnantibus
2304 898 2718 971 Mauritaniae

591 996 794 1089 aquis.
850 997 1108 1063 Domos
1163 979 1364 1063 sale-‚³³
1429 993 1767 1063 montibus
1816 998 1949 1065 suis
2005 1001 2260 1084 exciso,
2302 1027 2425 1073 ceu
2464 1003 2715 1100 lapide,

592 1115 1004 1171 construunt.
1035 1100 1141 1168 Ab
1144 1100 1264 1229 ⁵his
1291 1100 1374 1169 ad
1405 1098 1844 1193 Troglodytas
1860 1088 1913 1133 ³⁴
1943 1104 2206 1175 hiberni
2224 1132 2499 1179 occasus
2528 1111 2719 1209 plaga
2824 1184 2829 1189 ,

585 1207 842 1276 dierum
882 1192 1164 1276 lviter³⁵
1177 1260 1198 1293 ,
1243 1231 1396 1275 cum
1433 1205 1675 1299 quibus
1719 1213 2195 1281 commercium
2230 1239 2509 1307 gemmae
2568 1233 2717 1287 tan-

583 1329 728 1382 tum
743 1336 1020 1457 ‚quam3
1009 1310 1491 1381 carbunculum
1522 1336 1873 1401 vocamus,
1899 1340 1983 1384 ex
2001 1318 2377 1415 AEthiopia
2360 1310 2697 1394 invectae³⁶
2698 1376 2715 1391 .

521 1438 553 1490 5
589 1404 994 1489 Intervenit³
997 1416 1130 1487 ⁷ad
1157 1417 1545 1488 solitudines
1579 1414 1854 1507 Africae,
1897 1448 2097 1517 supra
2130 1428 2457 1497 minorem
2500 1432 2719 1524 Syrtin

588 1510 841 1595 dictas³
817 1510 869 1549 ³⁸
897 1577 918 1610 ,
964 1548 1156 1593 versa
1215 1510 1609 1594 Phazania³⁹
1631 1578 1652 1611 ,
1710 1526 1825 1594 ubi
1878 1544 2141 1624 gentem
2197 1532 2717 1618 Phazaniorum,

587 1632 917 1725 urbesque
955 1628 1183 1699 Alelen
1207 1644 1274 1699 et
1296 1629 1622 1699 Cillabam
1661 1631 2061 1727 subegimus.
2101 1640 2271 1705 Item
2304 1639 2654 1710 Cidamum
2680 1666 2719 1710 e

586 1740 853 1833 regione
893 1724 1266 1805 Sabrataeh.
1303 1736 1409 1804 Ab
1447 1737 1549 1806 his
1574 1760 1765 1806 mons
1805 1737 2005 1835 longo
2048 1746 2263 1837 spatio
2304 1744 2371 1813 in
2410 1772 2719 1817 occasum

587 1845 690 1913 ab
707 1858 861 1913 ortu
907 1842 1156 1929 tendit,
1199 1845 1364 1911 Ater
1405 1843 1649 1911 nostris
1684 1842 1897 1915 dictus
1928 1870 1967 1915 a
2003 1862 2241 1918 natura
2275 1851 2515 1923 adusto
2550 1855 2722 1924 simi-

581 2047 698 2081 sere
722 2027 920 2097 pariter
945 2026 1126 2079 vivere
1160 2024 1340 2097 inepte
1377 2042 1611 2097 pronun·
1696 2023 1952 2099 Melpum.
1976 2029 2065 2081 lib.
2082 2030 2179 2093 lv,
2198 2051 2255 2083 n.
2284 2034 2408 2094 185.
2428 2051 2485 2105 p.
2512 2036 2629 2088 283.
2648 2034 2719 2087 Η.

583 2109 696 2162 tint.
719 2107 905 2160 Ηιιιι).
1768 2106 1852 2159 35.
1872 2110 2072 2159 Dim-rm
2102 2112 2306 2162 IVieer.
2334 2112 2480 2165 MSS.
2514 2116 2643 2184 neg.
2672 2132 2723 2177 1,

655 2188 739 2240 31.
779 2186 1202 2263 flamonienses.
1246 2184 1346 2236 Vel
1397 2185 1612 2237 Amma-
1698 2203 1752 2249 2,
1781 2186 1936 2239 Colb.
1973 2205 2024 2249 1,
2055 2206 2118 2253 2,
2144 2189 2383 2242 chifflet.
2408 2194 2599 2243 dierum
2624 2198 2725 2243 711

584 2266 804 2324 nientes,
827 2276 885 2315 ut
908 2265 977 2316 ab
995 2264 1144 2335 ἄμμι.)
1170 2283 1362 2327 arena,
1369 2254 1609 2315 ·ti·axisse
1695 2265 1878 2315 itinere.
1894 2267 1975 2317 De
1992 2269 2437 2321 carbunculos-um
2462 2290 2721 2325 commer-

584 2360 636 2399 et
659 2345 737 2397 illi
761 2362 955 2397 nomen
976 2342 1146 2395 videri
1165 2343 1380 2415 possint.
1397 2344 1440 2395 11
1451 2342 1607 2413 plane
1694 2342 1779 2394 cio
1810 2342 1995 2397 eadem
2038 2344 2207 2399 habet
2238 2348 2485 2404 Solinus:
2528 2350 2598 2405 de
2634 2350 2721 2403 hia

585 2437 705 2477 sunt
724 2462 740 2487 ,
762 2442 898 2495 quos
915 2421 1127 2476 Solinus
1153 2440 1202 2474 c.
1221 2440 1416 2482 xxvm.
1439 2441 1496 2493 p.
1517 2422 1606 2485 54,

582 2509 830 2556 Amantes
848 2513 1000 2555 vocat
1020 2520 1033 2553 :
1061 2519 1194 2573 quos
1214 2520 1336 2553 cum
1353 2501 1607 2553 Hammo·

585 2584 668 2636 nis
691 2580 836 2635 Jovis
863 2580 1052 2633 accolis
1073 2580 1307 2633 Ortelius
1327 2580 1464 2633 male
1482 2599 1609 2634 con·

585 2660 762 2713 fundit
786 2679 802 2713 :
831 2658 1202 2712 etBochertus
1223 2678 1344 2711 eum
1367 2672 1606 2725 secutus,

582 2741 702 2793 loco
725 2758 858 2792 mox
879 2740 1018 2791 citat.
1055 2739 1188 2790 Nam
1217 2737 1362 2810 quod
1399 2737 1470 2790 de
1506 2737 1605 2790 do-

581 2820 760 2871 mibus
786 2817 892 2871 sale
909 2836 1008 2869 ceu
1028 2816 1203 2889 lapide
1236 2817 1446 2869 stmctis
1482 2836 1605 2871 mox

583 2910 828 2952 narratur
853 2917 882 2950 a
911 2897 1111 2960 Plinio,
1149 2895 1206 2950 id
1232 2896 1549 2950 Amantibus
1572 2916 1601 2949 a

582 2978 766 3032 Solino
809 2990 1088 3048 arrogatur
1117 2995 1130 3031 :
1183 2975 1421 3047 situsque
1461 2975 1603 3028 idem

581 3060 720 3111 inter
737 3059 1059 3110 Nasamonas
1078 3068 1130 3108 et
1141 3054 1517 3127 Troglodytas.
1532 3056 1601 3109 Η.

651 3139 737 3192 32.
762 3140 1047 3188 Duodecim.
1073 3136 1197 3206 Leg.
1232 3138 1323 3187 XI.
1350 3135 1432 3187 Ita
1453 3134 1601 3187 MSS-

579 3220 704 3287 neg.
753 3237 803 3279 1,
847 3236 900 3277 2,
929 3216 980 3276 5.
1021 3226 1071 3267 et
1121 3214 1286 3267 editio
1333 3214 1599 3285 princeps.

580 3299 748 3351 Βιιοτ.
769 3294 1032 3351 -Chiffl.
1055 3298 1178 3359 XII,
1192 3292 1368 3345 Dalec.
1384 3296 1476 3343 ΧΙ.
1496 3293 1599 3344 En.

652 3376 738 3429 33.
759 3380 942 3427 Domos
968 3377 1094 3426 sale.
1122 3374 1356 3443 Accepta
1385 3369 1499 3423 haec
1534 3371 1602 3422 ab

579 3454 778 3508 Herod.
800 3452 1128 3527 Melp.1.1v,
1146 3470 1202 3503 ιι.
1227 3451 1348 3513 ι58,
1375 3469 1429 3523 p.
1453 3450 1572 3514 284.

651 3536 735 3597 34.
761 3538 849 3585 Ad
867 3530 1338 3602 fflglodyem.Non
1361 3548 1468 3583 una
1491 3548 1602 3584 mo-

579 3613 652 3666 do
682 3613 736 3665 i'n
775 3624 926 3683 parte
961 3623 1220 3664 terrarum
1252 3606 1600 3680 Troglodyto

579 3704 705 3746 sunt
734 3710 750 3745 z
788 3710 916 3744 nam
943 3700 1130 3761 pru-ter
1168 3707 1259 3741 eos
1295 3689 1389 3761 qui
1419 3688 1599 3740 sinum

577 3773 864 3825 Arabicum
887 3768 1155 3835 accolunt,
1173 3780 1296 3822 sunt
1313 3767 1440 3821 etin
1463 3766 1602 3819 Afri·

483 3870 490 3877 ·
564 3854 656 3904 ’σε
679 3869 828 3923 paene
853 3849 1107 3902 umbilico
1125 3888 1142 3915 ,
1169 3867 1198 3899 a
1223 3846 1468 3920 Syrtibus
1490 3865 1599 3901 ma-

574 3930 778 4002 joribus
804 3928 1036 3982 sedecim
1057 3926 1268 3981 dierum
1286 3925 1474 3979 itinere
1496 3926 1597 3979 di·-

503 4054 506 4058 ,
581 4009 664 4059 siti
686 4044 702 4071 ‚
728 4026 910 4061 versus
949 4022 1216 4061 occasum.
1250 4002 1596 4077 Τρωγλοδύται

577 4088 789 4147 Αἰθίοπες
814 4086 872 4138 hi
908 4096 1168 4139 vocantur
1197 4084 1266 4137 ab
1299 4084 1592 4153 Herodoto,

1694 2419 1959 2487 dicemus,
1998 2424 2091 2477 lib.
2132 2426 2431 2491 xxxvu,
2472 2446 2591 2500 cap.
2629 2430 2719 2483 25.

1694 2497 1879 2553 Huu).
1910 2532 1975 2541 —
1998 2503 2125 2575 Leg.
2169 2508 2359 2557 dierum
2396 2522 2573 2575 septem
2607 2512 2719 2561 ae‘oer.

1694 2577 1773 2630 Ita
1794 2591 1846 2631 et
1862 2580 2083 2635 totidem
2112 2583 2301 2637 litteris
2322 2586 2474 2639 MSS.
2508 2588 2639 2659 Reg.
2672 2606 2719 2642 1.

1691 2657 1780 2709 Sic
1795 2677 2009 2731 quoque
2021 2660 2185 2714 editio
2205 2664 2555 2736 princeps.1n
2576 2666 2721 2719 MSS.

1691 2736 1815 2808 Reg.
1832 2737 1882 2800 5,
1904 2752 1953 2791 et
1971 2741 2354 2795 recentioribus
2374 2742 2724 2811 editionibus,

1692 2819 1878 2869 dierum
1900 2824 1999 2871 IV.
2026 2820 2193 2873 Bao-r.

1764 2896 1849 2948 36.
1870 2902 2098 2952 Invectae.
2123 2898 2213 2952 Sic
2236 2898 2293 2951 in
2316 2899 2503 2954 Chiffl.
2532 2904 2717 2958 Dulce.

1691 2990 1870 3028 vecta.
1902 2976 2002 3028 Eu.

1763 3054 1851 3126 37.
1868 3056 2153 3108 Intervenit.
2174 3056 2239 3108 In
2269 3075 2332 3111 en
2352 3058 2472 3122 via,
2500 3058 2716 3131 inquit,

1688 3152 1806 3205 qus.-
1819 3147 1894 3187 est
1906 3135 1975 3188 ab
1992 3136 2485 3193 Hammanientibus
2496 3140 2563 3192 sd
2576 3140 2717 3195 Tro·

1689 3212 1931 3287 glodytas
1968 3215 2199 3268 occurrit
2232 3218 2483 3271 Phazania
2526 3223 2717 3295 regio,

1688 3312 1910 3364 vergens
1944 3292 2014 3345 ad
2058 3312 2147 3347 eas
2184 3296 2527 3360 solitudines,
2584 3318 2718 3373 quas

1688 3372 1852 3444 paulo
1878 3384 2000 3425 ante
2024 3372 2253 3427 diximus
2267 3394 2429 3448 supra
2454 3376 2719 3433 minonem

1687 3450 1867 3544 Syrtin
1894 3470 2007 3505 esse
2033 3454 2265 3545 positas:
2282 3453 2435 3507 initio
2453 3457 2717 3512 nimirum

1688 3532 1970 3602 superioris
1991 3532 2197 3604 capitis.
2227 3532 2409 3588 Hum-

1760 3609 1847 3665 38.
1874 3612 2069 3663 DIctas.
2094 3610 2277 3664 Chiffl.
2306 3616 2517 3666 dictam.
2540 3614 2645 3667 En.

1760 3689 1845 3757 39.
1877 3691 2293 3743 thnimvet.
2324 3692 2491 3762 apud.
2534 3694 2719 3749 Dulce.

1688 3773 1800 3820 urbs
1826 3771 2104 3821 Phazania.
2128 3770 2344 3829 Φαζανία
2360 3772 2597 3841 regionis
2622 3792 2719 3827 no·

1686 3866 1809 3902 men
1832 3860 1931 3911 est,
1952 3848 2094 3919 apud
2114 3850 2555 3920 Agathemerum,
2580 3851 2717 3906 Geo-

1684 3928 1873 4000 guph.
1894 3928 1990 3980 lib.
2018 3928 2097 3993 11,
2110 3946 2229 4000 esp.
2252 3928 2303 3982 5.
2326 3930 2485 3982 Nunc
2500 3924 2717 3984 Bessan.

1682 4007 1864 4060 Ham).
1891 4018 1943 4059 et
1970 4006 2081 4059 En.

1756 4094 1842 4152 40.
1878 4092 1924 4139 Ε
1947 4089 2146 4153 ugione
2169 4088 2411 4139 Sabmeae.
2440 4086 2623 4151 Quam
2662 4108 2715 4141 c.
