2950 5017
524 472 673 543 7⁰²

1070 444 1147 513 C.
1202 443 1534 512 PLINII
1589 445 1798 513 NAT.
1855 444 2100 513 HIST.

518 579 793 649 flumine
848 560 1155 645 ΟιῸειῑί74
1212 573 1301 644 ad
1352 575 1759 660 Characem,
1811 561 2060 646 ccxn⁷⁵
2101 572 2264 646 mill.
2321 597 2663 671 passuum.

523 683 793 780 Oppida
828 683 973 778 ejus
993 735 1011 768 ‚
1044 667 1435 768 Seleucia⁷⁶,
1478 696 1549 751 et
1585 683 1907 766 Sosii-ate,
1941 682 2246 777 apposita
2277 686 2492 752 monti
2531 686 2668 754 Ca·

524 817 679 886 syro
698 790 773 860 ⁷⁷.
824 792 1069 876 Oram,
1120 811 1268 884 quae
1311 787 1666 883 praejacet,
1707 788 2044 857 minorum
2103 789 2400 882 Syrtium
2419 775 2472 828 ⁷⁸
2523 791 2670 859 viee

524 947 691 1011 tium,
724 944 865 997 inter
898 960 1078 1014 regem
1106 943 1341 996 Sennaar
1372 953 1427 995 et
1462 961 1550 996 re-

523 1043 645 1098 gem
695 1024 853 1078 Ponti
898 1023 1065 1076 fuere.
1112 1024 1226 1075 Rex
1278 1023 1516 1077 sennaar
1533 1059 1552 1089 ,

524 1107 657 1160 citra
680 1103 1037 1175 Euphratem,
1056 1105 1203 1172 juxta
1220 1102 1552 1174 Babylonem

526 1198 580 1238 et
606 1185 705 1237 Ur.
738 1182 948 1235 Primus
982 1195 1163 1236 tamen
1199 1200 1355 1234 versu
1383 1199 1416 1250 9
1456 1201 1553 1252 ap-

527 1264 757 1335 pellatur
792 1279 886 1315 rex
922 1261 1269 1314 Elamitarum
1302 1258 1553 1315 chodor-

525 1344 771 1397 lahomor
791 1380 808 1406 ,
862 1342 1118 1412 quoniam
1172 1340 1339 1411 ipsius
1396 1358 1556 1394 eausa

526 1422 727 1476 bellum
744 1419 882 1474 istud
905 1421 1205 1490 gerebatur.
1224 1419 1386 1472 Nulla
1406 1418 1556 1473 enim

526 1503 665 1556 ratio
693 1499 881 1555 suadet
898 1537 915 1564 ‚
937 1499 1109 1552 multo
1138 1501 1393 1568 majorem
1424 1509 1558 1552 tunc

529 1593 761 1654 quatuor
803 1597 992 1650 regum
1032 1578 1250 1631 illorum
1296 1575 1560 1631 ditionem

531 1663 725 1728 fuisse,
757 1677 917 1731 quem
957 1658 1061 1712 fuit
1093 1655 1283 1711 eodem
1318 1669 1562 1727 tempore

529 1741 666 1796 ditio
711 1757 896 1810 regum
936 1738 1176 1811 quinque
1212 1754 1347 1809 qnos
1386 1755 1561 1808 oppu-

530 1821 780 1894 gnabant.
808 1816 1020 1871 Idcirco
1051 1827 1232 1868 autem
1260 1814 1562 1876 Chodorla-

530 1903 725 1954 homor
744 1897 1010 1950 tributum
1037 1915 1066 1949 a
1085 1895 1303 1966 regibus
1324 1893 1429 1948 illis
1451 1894 1562 1947 exi-

530 1983 691 2053 gebat
715 2019 730 2043 ,
783 1979 905 2049 quia
952 1993 1009 2029 se
1055 1993 1158 2047 pro
1206 1973 1564 2045 primogenito

532 2064 748 2132 gerebat
768 2075 799 2110 e
820 2055 946 2108 filiis
972 2055 1093 2108 Sem
1117 2066 1173 2107 et
1192 2053 1309 2107 Noe
1324 2091 1341 2119 ,
1362 2052 1566 2126 quippe

533 2160 601 2194 ex
642 2142 814 2192 AElam
860 2135 1003 2188 Semi
1046 2133 1161 2186 filio
1206 2133 1565 2205 primogenito

536 2232 721 2274 ortum
768 2216 984 2269 trahens
1018 2231 1032 2266 ε
1076 2226 1235 2284 atque
1280 2211 1415 2266 adeo
1462 2211 1568 2265 sibi

536 2297 815 2370 vectigales
874 2293 1089 2346 volebat
1153 2309 1265 2344 esse
1328 2303 1568 2364 posteros

540 2380 831 2440 Chanaang
886 2373 983 2447 qui
1036 2370 1361 2443 potissimam
1419 2370 1568 2423 orbis

538 2471 742 2529 partem
764 2495 780 2519 ,
827 2453 881 2505 in
926 2471 1031 2525 qua
1078 2447 1355 2522 paradisus
1396 2461 1567 2514 esset,

537 2544 903 2608 occupassent.
962 2531 1046 2584 Ex
1088 2531 1261 2601 prisca
1306 2527 1428 2582 sede
1469 2529 1567 2582 ista

534 2615 775 2670 Elamitoe
798 2623 979 2683 postea
1007 2627 1189 2662 versus
1225 2622 1409 2662 ortum
1436 2625 1566 2680 pro·

534 2695 697 2769 gressi
720 2690 1006 2746 constitere
1028 2688 1105 2741 ibi
1120 2727 1137 2753 ,
1164 2687 1259 2742 ubi
1283 2687 1353 2742 de
1379 2705 1566 2741 eornm

538 2776 759 2829 nomine
797 2769 1035 2841 Elymais
1059 2769 1209 2838 regio
1244 2787 1443 2821 nomen
1481 2785 1568 2820 ac-

536 2855 681 2926 cepit
707 2893 723 2918 ,
775 2849 1106 2922 temporibus
1156 2847 1299 2900 forte
1350 2847 1570 2899 Davidis

540 2948 633 2988 aut
660 2927 989 2992 Salomonis,
1011 2927 1097 2980 vel
1120 2937 1238 2980 ante
1260 2944 1320 2980 ea
1342 2926 1473 2996 ipsa.
1497 2926 1568 2979 H.

622 3017 717 3084 74.
747 3010 943 3063 Omatae’.
964 3005 1143 3059 Chim.
1172 3005 1297 3060 Ora.
1330 3007 1435 3059 En.

622 3093 719 3163 75.
747 3087 965 3143 CCXL.
986 3085 1165 3139 Dulce.
1189 3077 1397 3139 CCXI.
1420 3086 1528 3138 En.

626 3174 719 3242 76.
745 3169 981 3222 Seleucia.
1000 3165 1195 3235 Ampla
1214 3165 1423 3228 civitas,
1446 3181 1568 3236 quae

540 3253 692 3324 prius
726 3248 915 3302 Soloce
947 3245 1270 3310 vocabatur,
1309 3246 1571 3296 Σιλιύκιισ.

540 3331 733 3404 papan
753 3328 910 3388 πόλις.
934 3325 1117 3380 zemma
1134 3315 1190 3376 δ’
1212 3324 1432 3376 (καλεῖτε)
1454 3324 1573 3392 πρό·

542 3431 678 3481 τερον
694 3447 712 3476 ,
738 3405 915 3477 inquit
946 3402 1166 3466 StrabO,
1190 3401 1287 3455 lib.
1318 3401 1453 3454 XVI
1469 3440 1486 3467 ,
1513 3419 1571 3474 p.

548 3495 661 3561 744
682 3529 699 3556 ,
724 3486 781 3538 in
809 3479 1106 3556 Elymaide.
1134 3481 1322 3534 Haut).

626 3588 722 3639 77.
755 3565 957 3638 Cassa-0.
984 3559 1137 3614 MSS.
1166 3559 1387 3614 Chasbv.
1414 3567 1482 3614 Η.

627 3649 722 3718 78.
767 3643 983 3717 Syrtium
1019 3645 1129 3694 ‘211‘oe
1172 3639 1398 3692 dhimus.
1446 3637 1572 3692 Non

543 3727 671 3780 alibi
706 3742 831 3778 sane
861 3719 1010 3775 aliud
1034 3720 1259 3793 hujusce
1294 3719 1371 3772 rei
1408 3719 1571 3773 vesti·

540 3809 693 3879 gium
722 3813 943 3874 apparet
971 3800 1178 3864 ullum,
1211 3811 1571 3872 preterquam

540 3886 715 3958 cupite
741 3881 868 3936 libri
896 3881 1054 3950 hujus
1086 3899 1156 3950 ²9
1175 3917 1192 3944 ‚
1219 3879 1312 3932 ubi
1347 3877 1422 3932 ita
1457 3878 1572 3931 No·

542 3980 686 4020 ster:
724 3991 745 4011 ·
770 3962 940 4015 Perse
974 3959 1216 4012 Rubrum
1246 3977 1392 4012 mare
1431 3974 1572 4010 sem-

512 4065 643 4118 ·per
690 4041 1002 4104 accoluere,
1059 4051 1280 4111 propter
1329 4037 1477 4112 quod
1527 4037 1573 4092 is

1639 943 1784 996 sinus
1821 943 2064 996 Persicus
2099 956 2363 998 vocatur:
2403 945 2556 1016 reg-io
2589 947 2676 1000 ibi

1638 1022 1904 1076 maritima
1922 1063 1939 1088 ‚
1968 1021 2286 1094 Συρτῖὅολος.
2313 1049 2337 1072 ι
2371 1025 2486 1078 Ubi
2513 1025 2674 1080 MSS.

1641 1103 1774 1172 Res.
1817 1120 1876 1166 ι,
1917 1123 1986 1168 2,
2021 1101 2180 1158 colb.
2227 1119 2288 1169 ι,
2324 1123 2386 1170 2,
2415 1117 2472 1158 et
2503 1105 2672 1160 Pari-s.

1641 1182 1843 1235 babent
1866 1181 2144 1234 Ceribobus.
2165 1183 2459 1236 Parmensis
2478 1183 2676 1252 editio,

1639 1262 1861 1334 alioque
1879 1262 2215 1327 vetustiores,
2240 1261 2523 1333 epibatus,
2547 1279 2676 1320 ante

1642 1341 2025 1406 Hermolaum,
2055 1340 2150 1413 qui
2191 1341 2448 1413 Cyropolis
2480 1343 2682 1399 substi-

1644 1420 1748 1474 tuit
1760 1459 1779 1486 ‚
1797 1433 1942 1473 ratus
1962 1420 2051 1489 bic
2074 1421 2257 1474 locum
2283 1421 2484 1476 babere
2501 1443 2678 1496 opor-

1644 1511 1758 1554 tere
1795 1502 2098 1570 Κυρὲσχατσ,
2142 1499 2254 1553 sive
2295 1503 2456 1572 Κύρου
2497 1505 2636 1556 πολιν
2657 1542 2679 1568 ‚

1646 1596 1806 1649 qnam
1827 1579 2128 1651 Stephanus
2145 1579 2204 1632 in
2225 1579 2428 1634 ultimis
2445 1581 2683 1636 Persidis

1647 1657 1850 1712 finibus
1894 1676 1926 1710 a
1963 1658 2112 1730 Cyro
2151 1655 2425 1714 conditam
2467 1663 2678 1716 scribit.

1647 1739 1722 1790 At
1751 1754 1925 1808 neque
1949 1738 2042 1792 hic
2071 1737 2263 1809 oppidi
2291 1757 2494 1793 nomen
2527 1759 2680 1814 qn·-

1647 1817 1789 1871 ritur
1804 1855 1820 1882 ,
1853 1815 1946 1869 sed
1970 1817 2204 1888 regionis
2219 1856 2238 1882 ‚
2263 1837 2482 1890 oraque
2517 1821 2684 1874 mari·

1647 1895 1795 1949 tima
1834 1913 1850 1950 ε
1891 1915 2103 1968 neque,
2143 1897 2187 1948 si
2226 1911 2554 1969 quareretur
2575 1937 2592 1963 ,
2643 1919 2680 1954 e

1649 1973 2048 2046 Sogdianorum
2085 1976 2327 2042 finibus,
2371 1990 2428 2030 et
2461 1979 2682 2034 suane

1647 2073 1835 2120 amne,
1861 2055 1954 2108 ubi
1983 2053 2300 2126 Cyreschata
2322 2077 2356 2110 a
2383 2058 2534 2128 Cyro
2553 2073 2685 2113 sunt

1647 2131 1862 2188 condita
1882 2173 1901 2199 ‚
1953 2132 2201 2207 dictaque
2255 2135 2389 2206 Cyri
2447 2137 2636 2192 ultima
2661 2177 2682 2204 ,

1649 2213 1803 2284 quod
1867 2213 1942 2266 ibi
2001 2231 2216 2268 suarum
2269 2215 2682 2286 expeditionum

1647 2305 1846 2346 metam
1885 2293 2100 2364 posuit,
2133 2294 2214 2348 uti
2253 2307 2309 2348 et
2347 2295 2682 2365 Alexander,

1648 2374 1742 2444 qui
1757 2365 2112 2443 Ᾰλιξάνδριιαν
2127 2375 2344 2440 ἐσχάτην
2357 2375 2548 2430 eodem
2567 2376 2686 2431 fere

1647 2453 1706 2504 in
1732 2451 1852 2506 loco
1869 2450 2112 2506 condidit
2127 2491 2146 2518 ,
2171 2467 2226 2507 et
2249 2459 2553 2526 Κυρίσχατι
2582 2455 2685 2510 de·

1649 2531 1874 2586 struxit:
1901 2550 2012 2584 non
2031 2570 2047 2595 ,
2075 2533 2293 2604 inquam
2315 2573 2333 2599 ,
2365 2537 2433 2588 ab
2463 2536 2690 2606 longin-

1649 2610 1769 2682 quis
1793 2609 1928 2664 adeo
1955 2612 2110 2665 terris
2141 2623 2196 2664 et
2231 2613 2426 2684 Caspio
2462 2618 2596 2670 mari
2621 2615 2686 2668 in

1647 2693 1826 2744 sinum
1849 2691 2118 2744 Persicum
2140 2691 2429 2765 Cyropolis
2447 2707 2571 2765 apte
2589 2693 2691 2748 ad-

1649 2771 1886 2824 vehitur.
1897 2771 2170 2824 Hermolai
2179 2784 2352 2826 tamen
2361 2774 2464 2826 scri
2471 2785 2687 2844 pturatn

1653 2849 1937 2903 Salmasius
1957 2851 2219 2921 approbat
2233 2889 2251 2914 ,
2276 2851 2330 2904 in
2359 2852 2530 2906 Solin.
2561 2871 2688 2925 pag.

1659 2929 1804 2998 1,193
1823 2967 1841 2996 ,
1870 2943 1930 2982 ut
1953 2930 2186 2984 Plinium
2213 2929 2409 2985 deinde
2441 2933 2654 2988 incuset
2669 2971 2692 2998 ..

1652 3005 1801 3079 quod
1831 3028 1896 3062 ex
1923 3009 2063 3062 male
2101 3009 2380 3064 intellectis
2415 3013 2691 3084 antiquio-

1651 3105 1775 3140 rum
1801 3087 2115 3142 Graecorum
2139 3091 2349 3152 verbis,
2379 3093 2478 3163 qui
2505 3095 2554 3146 lv
2581 3095 2690 3154 τοῖς

1653 3167 1885 3235 indi-oie
1897 3173 1984 3228 τῆς
1999 3163 2244 3238 Περσίδος
2261 3169 2418 3223 sitam
2445 3189 2561 3224 esse
2583 3173 2696 3245 Cy-

1650 3246 1883 3316 ropolim
1905 3245 2176 3306 dixerunt.
2197 3267 2396 3321 nempe
2413 3251 2472 3304 in
2489 3251 2698 3306 finibus

1651 3323 1876 3380 Persicis
1910 3325 2156 3398 imperii,
2196 3327 2310 3399 ipse
2339 3329 2396 3382 in
2435 3349 2532 3383 ora
2559 3331 2696 3384 Pas

1653 3402 1804 3469 sidis,
1830 3404 2002 3459 Rubri
2021 3406 2181 3458 maris
2201 3407 2404 3474 littore,
2422 3408 2694 3482 oppidum

1651 3481 1712 3536 id
1743 3483 2036 3538 collocarit.
2065 3485 2137 3536 At
2165 3505 2345 3558 neque
2375 3487 2446 3541 de
2481 3489 2696 3562 oppido

1653 3581 1834 3615 sermo
1877 3581 1892 3616 :
1945 3576 1998 3618 et
2053 3563 2354 3634 Συρτὶῧωλος
2419 3570 2698 3642 scripsisse

1654 3641 1892 3694 Plinium
1910 3679 1928 3705 ‚
1956 3662 2068 3695 non
2095 3643 2426 3717 Cyropolis,
2451 3659 2569 3702 tum
2597 3668 2696 3704 ve·

1655 3721 1785 3774 teris
1839 3722 2116 3792 scripturn
2157 3724 2375 3796 vestigia
2427 3729 2697 3794 clamant,

1655 3813 1774 3854 tum
1795 3800 1948 3854 locus
1971 3801 2084 3872 ipse
2111 3821 2272 3873 quem
2298 3803 2558 3870 habemns
2579 3826 2700 3880 prm

1656 3879 1940 3935 manibus:
1973 3882 2032 3934 in
2057 3900 2167 3952 quo
2197 3901 2253 3936 se
2276 3885 2386 3956 jam
2413 3885 2542 3938 alias
2565 3905 2698 3959 pa·-

1657 3959 1928 4014 strinxisse
1968 3959 2146 4014 obiter
2199 3960 2452 4016 admonet
2475 4004 2491 4029 ,
2537 3985 2696 4022 oram

1657 4037 1888 4095 Persidis
1913 4041 2233 4096 maritimam
2261 4043 2500 4114 Syrtium
2521 4045 2698 4118 Liby·
