2950 5017
1092 447 1407 516 LIBER
1457 449 1598 518 VI.

2257 470 2400 543 70¹

270 575 631 660 Susorum,
662 560 803 646 ειιε69
821 576 1055 648 Dianae
1096 577 1419 674 templum
1460 579 1996 674 augustissimum
2036 576 2162 648 illis
2197 581 2414 674 genti-

274 681 433 763 bus,
476 696 545 750 et
588 681 728 776 ipse
766 682 835 751 in
864 708 1104 777 magna
1144 687 1541 754 caerimonia.
1559 683 1954 780 Siquidem⁷⁰
1969 710 2160 780 reges
2177 709 2313 754 non
2328 709 2413 754 ex

272 785 407 856 alio
438 787 715 873 bibunt,
733 803 803 858 et
828 789 919 858 ob
946 789 1013 857 id
1036 792 1105 859 in
1146 789 1507 886 longinqua
1544 805 1835 886 portant.
1859 793 2124 885 Recipit
2146 815 2412 860 amnem
2460 845 2466 854 .

268 892 771 987 Hedypnum⁷¹‚
796 908 1037 989 praeter
1072 895 1343 991 Asylum
1388 901 1740 968 Persarum
1781 900 2184 984 venientem,
2223 897 2412 966 Adu-

272 1021 431 1068 nam
446 1001 498 1041 ⁷⁸
524 1024 605 1068 ex
620 1001 935 1070 Susianis.
965 1002 1305 1097 Oppidum
1318 1003 1512 1098 juxta
1527 1028 1680 1074 eum
1705 1005 1952 1099 Magoa
1967 1055 1990 1092 ,
2011 1027 2052 1074 a
2077 1003 2414 1090 Charace,

272 1128 373 1172 xv
400 1103 561 1174 mill.
592 1129 927 1200 passuum.
956 1107 1249 1198 Quidam
1277 1109 1499 1180 hocin
1531 1123 1822 1180 extrema
1852 1111 2133 1180 Susiane
2151 1123 2416 1204 ponunt

271 1209 738 1281 solitudinibus
776 1216 1175 1307 proximum.

378 1315 564 1386 Infra
603 1316 903 1390 Euloeum
938 1301 1292 1415 Elymais⁷³
1330 1336 1463 1410 est,
1505 1323 1576 1392 in
1610 1345 1732 1393 ora
1765 1321 2000 1414 juncta
2043 1319 2328 1408 Persidi,
2373 1345 2412 1390 a

357 1523 454 1589 69.
482 1521 567 1574 Ae
595 1521 796 1574 Diana·
835 1521 1162 1588 Martianus,
1196 1523 1294 1579 lib.

270 1599 357 1651 v1
377 1639 396 1665 ‚
444 1617 563 1669 cap·
612 1598 681 1653 de
728 1599 883 1654 India
905 1638 922 1667 ,
962 1621 1084 1674 pag.
1136 1604 1246 1657 2²5
1280 1621 1294 1657 :

274 1701 299 1723 c
319 1678 595 1750 Oppidum
614 1679 688 1733 ibi
710 1680 895 1734 nobiie
916 1681 1049 1736 Susa
1066 1722 1083 1746 ,
1102 1681 1160 1736 in
1182 1701 1297 1755 quo

278 1759 541 1830 templum
568 1759 771 1813 Diana.
788 1784 811 1807 ιι
847 1761 1031 1816 Ηιιιι).

360 1856 448 1908 7⁰·
470 1837 715 1910 Siquidem
738 1857 891 1909 reges.
913 1837 1126 1896 Solinus
1139 1881 1156 1908 ,
1182 1856 1299 1913 cap.

274 1923 755 2068 itiznjlttixplng‘cfg
776 1957 793 1984 ,
816 1918 1125 2052 Plin1i¹usque
1156 1913 1301 1992 ipse,

358 2037 373 2048 .
601 2037 617 2062 ‚
746 2037 762 2051 .
797 2017 826 2050 2
842 2017 889 2052 t.
972 2017 1101 2054 nn.

360 2092 453 2145 71.
484 2077 791 2147 Hedypnum.
822 2069 1081 2132 Ηδύπνουν
1103 2118 1120 2145 ,
1152 2079 1303 2150 quasi

274 2171 437 2208 suave
462 2155 769 2226 spirantem.
801 2158 855 2210 Is
882 2157 999 2229 ipse
1032 2165 1111 2212 eat
1140 2175 1303 2231 quem

276 2233 671 2305 Hedyphonta,
711 2227 1026 2308 Πδυφῶντα,
1072 2238 1307 2310 appellat

276 2313 500 2375 Strabo,
532 2315 629 2368 lib.
668 2316 833 2382 XVI,
867 2333 987 2388 pag.
1026 2321 1172 2389 744,
1207 2318 1301 2389 qui

273 2391 569 2446 Seleuciam
592 2393 955 2465 Elymaioi-um
978 2397 1167 2450 urbem
1198 2392 1302 2458 (de

273 2489 383 2542 qua
406 2469 561 2537 mox)
590 2475 929 2544 preterfluit,
954 2477 1105 2548 juxta
1128 2477 1305 2530 Susia-

274 2568 415 2604 nos:
446 2571 559 2604 non
592 2553 649 2606 in
679 2554 1002 2627 Babylonia,
1034 2569 1094 2609 ut
1122 2556 1301 2610 existi·

274 2631 443 2684 mavit
464 2631 720 2700 ortelius,
750 2651 909 2704 quem
932 2635 1185 2688 Seleucia
1208 2655 1305 2688 no·

273 2727 403 2763 men
423 2710 481 2764 in
506 2711 752 2767 fraudem
776 2712 1005 2768 induxit.
1030 2714 1215 2769 Haan.

360 2817 456 2869 7²·
497 2799 749 2855 Adumm.
791 2802 871 2855 Ita
909 2801 1061 2856 MSS.
1095 2817 1299 2856 omues.

272 2875 423 2930 Edini
438 2915 457 2943 ,
478 2897 788 2952 perperam,
809 2893 861 2933 et
878 2899 1039 2935 unum.
1062 2881 1187 2936 Vet.
1210 2901 1299 2953 ap.

275 2958 582 3030 Daieeamp.
612 2959 685 3012 ad
705 2979 849 3013 unum
874 2981 937 3013 ex
962 2959 1182 3015 Susianis
1210 2981 1300 3033 op·

266 3038 457 3107 pe'daan.
484 3039 590 3092 En.

358 3124 454 3197 73.
510 3127 754 3198 Elymais.
806 3117 1025 3199 ἑλυμαΐς
1045 3163 1064 3190 ‚
1115 3123 1304 3182 incole

270 3199 513 3276 hupoe‘iot
552 3205 835 3272 Straboni,
876 3207 975 3261 lib.
1018 3208 1099 3261 XI
1119 3247 1137 3271 ,
1179 3221 1302 3280 pag.

276 3285 412 3348 524.
439 3286 567 3338 Pan
592 3299 671 3340 est
698 3286 976 3340 ausu-alior
999 3289 1112 3358 ejus
1134 3289 1305 3358 regio-

272 3365 359 3418 nis
383 3400 400 3425 ‚
439 3382 561 3436 quae
596 3383 743 3418 nunc
782 3364 1042 3418 Chusistan
1082 3365 1299 3421 dicitur.

188 3473 213 3496 ο
272 3443 417 3498 Hiuc
446 3445 704 3502 Elamitae.
733 3463 857 3498 cum
882 3445 1091 3499 Parthia
1112 3458 1165 3499 et
1188 3445 1303 3498 Me-

272 3523 359 3578 dis
393 3543 425 3577 a
464 3524 609 3576 Luca
642 3525 907 3594 copuiati,
948 3537 1047 3579 aet.
1094 3544 1162 3590 α,
1202 3525 1302 3579 etsi

270 3605 345 3658 D.
369 3604 701 3674 Hieronymo
714 3641 732 3667 ‚
755 3605 898 3658 libro
918 3601 987 3658 de
1007 3604 1112 3658 loe.
1134 3603 1299 3658 Hebr.

270 3684 427 3736 aliter
464 3682 657 3735 visum.
697 3683 773 3736 At
810 3683 941 3738 alibi
981 3683 1115 3738 olim
1152 3683 1303 3739 aedes

270 3763 511 3816 habuere
560 3761 723 3816 iidem
772 3762 1014 3817 Elamitae
1038 3802 1054 3829 ,
1106 3783 1304 3836 nempe

272 3841 610 3913 temporibus
662 3841 894 3897 Abrah-
914 3882 932 3906 ,
1002 3854 1065 3896 ut
1128 3844 1305 3897 Moses

273 3921 461 3980 docet,
490 3919 629 3974 Gen.
662 3939 791 3986 xxv,
824 3941 849 3976 1
876 3939 892 3975 ε
930 3921 1191 3976 «Factum
1227 3935 1307 3978 eat

274 4014 451 4054 autem
473 4039 490 4065 ,
529 3999 745 4073 inquit,
783 4001 841 4054 in
882 4001 979 4055 illo
1022 4014 1265 4076 tempore
1288 4034 1305 4061 ‚

274 4093 337 4134 ut
352 4080 647 4152 Amraphel
658 4098 751 4135 rex
768 4079 1024 4152 Sennaar,
1042 4093 1096 4136 et
1109 4081 1306 4137 Aiioch

1384 1539 1480 1578 rex
1521 1523 1712 1590 Ponti,
1742 1535 1796 1576 et
1826 1521 2290 1578 chodorlahomor
2323 1541 2418 1577 rex

1384 1619 1760 1657 uani-naun
1779 1641 1794 1662 ‚
1834 1616 1888 1656 et
1910 1601 2117 1657 Thada!
2145 1621 2242 1656 rex
2269 1602 2418 1656 Gen-

1385 1700 1558 1764 tium,
1597 1699 1805 1770 ΞῚἸ]
1828 1737 1844 1762 ,
1875 1719 1903 1752 a
1924 1738 1942 1766 ,
1987 1699 2187 1753 inirent
2211 1699 2416 1752 bellum

1386 1794 1574 1833 contra
1593 1781 1730 1834 Bara
1751 1799 1928 1850 regem
1952 1777 2312 1833 Sodomorum
2327 1817 2343 1844 ,
2363 1791 2418 1832 et

1387 1873 1576 1912 contra
1599 1859 1760 1912 Bersa
1783 1877 1960 1931 regem
1988 1857 2336 1922 Gomorrha,
2365 1870 2420 1912 et

1386 1953 1571 1992 contra
1601 1939 1846 1992 Sennaab
1875 1956 2056 2010 regem
2087 1935 2334 2002 Adamoe,
2364 1949 2419 1991 et

1386 2030 1574 2071 eontra
1623 2017 1876 2071 semeber
1927 2035 2105 2089 regem
2162 2017 2377 2070 Seboim
2398 2053 2416 2080 ,

1386 2111 1679 2170 contraque
1725 2115 1905 2168 regem
1951 2097 2091 2150 1321ae
2126 2115 2141 2149 ε
2185 2097 2300 2166 ipsa
2331 2108 2418 2150 est

1386 2177 1572 2250 Segor.
1619 2177 1672 2231 3.
1708 2176 1911 2230 Omnes
1946 2176 2004 2229 hi
2044 2188 2418 2229 convenerunt

1386 2256 1443 2309 in
1469 2256 1659 2310 vallem
1681 2255 1974 2309 silvestrem
1989 2293 2008 2320 ,
2033 2273 2152 2327 quae
2171 2275 2316 2310 nunc
2337 2267 2418 2308 est

1386 2335 1538 2390 Mare
1564 2335 1700 2388 salis.
1735 2337 1788 2400 4.
1822 2333 2120 2388 Duodecim
2151 2334 2294 2388 enim
2322 2353 2418 2388 an·

1385 2417 1470 2469 nis
1497 2413 1788 2470 servierant
1823 2411 2292 2468 Chodorlahomor
2310 2453 2326 2481 ,
2362 2427 2419 2468 et

1384 2494 1896 2566 tertiodecimqanno
1913 2495 2314 2548 recesseruntab
2333 2513 2416 2546 eo.

1391 2574 1444 2628 5.
1472 2574 1647 2646 Igitur
1677 2573 2078 2646 quartodecimo
2107 2593 2248 2627 anno
2271 2573 2418 2628 venit

1389 2653 1856 2710 Chodorlahomor
1869 2690 1884 2714 ,
1905 2667 1960 2707 et
1978 2672 2127 2725 reges
2145 2654 2236 2724 qui
2261 2661 2417 2707 erant

1388 2751 1514 2787 cum
1542 2753 1607 2788 eo
1610 2773 1706 2788 .....
1749 2735 1801 2788 8.
1835 2733 1905 2787 Et
1935 2733 2130 2806 egressi
2168 2745 2292 2786 aunt
2319 2751 2416 2786 rex

1388 2811 1750 2867 Sodomorum
1770 2851 1784 2873 ,
1835 2826 1889 2867 et
1937 2832 2029 2866 rex
2067 2807 2416 2876 Gomorrha,

1384 2909 1589 2964 rexque
1627 2891 1886 2956 Adamae,
1932 2905 1986 2945 et
2027 2911 2122 2944 rex
2163 2891 2418 2958 Schoim,

1386 2991 1489 3025 uec
1519 2991 1628 3025 non
1656 2984 1710 3025 et
1744 2989 1836 3024 rex
1862 2972 2034 3035 Baio,
2063 2989 2184 3043 qum
2212 2983 2290 3025 eat
2317 2971 2415 3025 Se-

1386 3070 1584 3122 gor.....
1623 3069 1678 3120 9.
1719 3049 1932 3104 Scilicet
1971 3049 2226 3104 adversus
2269 3051 2416 3105 cho-

1386 3128 1734 3184 dorlahomor
1795 3149 1972 3201 regem
2026 3130 2372 3188 Elamitarum
2393 3168 2409 3193 ,

1387 3223 1443 3264 et
1462 3205 1667 3263 Thadal
1694 3228 1874 3281 regem
1899 3203 2154 3263 Gentium
2171 3247 2188 3274 ‚
2209 3223 2263 3263 et
2286 3211 2416 3262 Am-

1386 3290 1573 3360 raphel
1609 3308 1788 3361 regem
1826 3289 2088 3351 Sennaar,
2132 3301 2186 3342 et
2215 3288 2416 3344 Arioch

1387 3386 1568 3439 regem
1611 3368 1773 3421 Ponti
1803 3387 1817 3420 ε
1856 3381 2087 3440 quatuor
2122 3387 2274 3439 reges
2309 3367 2416 3420 ad·-

1386 3463 1569 3502 versus
1611 3443 1866 3520 quinque.
1893 3473 1914 3496 a
1958 3443 2107 3500 Inter
2135 3446 2242 3503 hoa.
2263 3465 2417 3518 reges

1387 3539 1647 3598 quatuor,
1679 3522 1891 3580 tertium
1925 3524 2201 3580 dumtaxat
2235 3527 2415 3579 locum

1387 3607 1597 3659 obtinet
1613 3625 1706 3659 rex
1736 3605 2116 3672 Elamitarum3
2143 3604 2287 3677 quod
2315 3624 2416 3660 no-

1386 3681 1604 3739 biliores
1629 3699 1832 3751 essent,
1863 3700 1918 3740 et
1943 3703 2036 3739 rex
2062 3685 2322 3751 Sennaar,
2352 3704 2418 3739 ex

1390 3762 1666 3818 Nemrodo
1693 3783 1880 3837 regum
1921 3765 2283 3836 antiquissimo
2323 3781 2416 3837 ge·

1390 3863 1494 3898 nus
1519 3843 1751 3910 ducens,
1781 3858 1835 3898 et
1857 3864 1952 3900 rex
1977 3844 2162 3912 Ponti,
2183 3845 2292 3898 hoc
2312 3857 2414 3909 est,

1392 3943 1503 3978 orm
1522 3923 1671 3978 sinus
1692 3924 1891 3978 Persici
1913 3926 2040 3979 citra
2063 3924 2416 3996 Euphratem,

1386 4005 1542 4075 juxta
1567 4005 1735 4075 ipsius
1760 4005 1892 4058 ostia
1914 4043 1929 4070 ‚
1961 4004 2056 4058 ubi
2079 4017 2264 4077 postea
2287 4005 2418 4078 Ara·

1388 4083 1486 4138 bea
1500 4083 1738 4139 Scenitas.
1755 4087 1867 4139 Rex
1885 4085 2038 4138 Elam
2051 4122 2067 4150 ,
2089 4096 2143 4138 et
2161 4103 2254 4138 rex
2277 4081 2422 4138 Gen·

2458 1351 2520 1388 10
