2950 5017
566 431 716 506 652

1104 435 1186 503 C.
1242 432 1584 502 PLINII
1639 433 2169 504 NAT.1118T.

561 566 820 636 deserta
854 565 999 636 haec
1034 564 1449 650 Maltecorae,
1470 567 1739 686 ‘Singae‚
1769 565 2111 651 Marohae,
2149 567 2522 660 Rarungae,
2555 567 2704 636 Mo-

562 671 756 741 runi²
764 657 992 741 ².Hi²³
1018 673 1345 742 montium
1369 673 1482 766 qui
1505 687 1831 767 perpetuo
1860 686 2078 741 tractu
2109 673 2366 742 Oceani
2395 697 2532 740 orae
2557 697 2707 766 prae·

561 779 766 863 tenti,
814 777 1081 865 incolae,
1124 777 1314 846 liberi
1368 792 1437 848 et
1485 803 1720 872 regum
1771 793 2111 930 expertes,
2159 775 2388 846 multis
2433 777 2708 846 urbibus

494 895 524 952 ⁵
562 900 915 955 montanos
950 885 1255 954 obtinent
1297 883 1515 954 colles.
1573 883 1844 954 Nareae'

1917 884 2193 962 deinde,
2241 909 2414 978 quos
2457 883 2705 953 claudit

560 1016 752 1060 mons
800 989 1157 1061 altissimus
1200 989 1586 1060 Indicorum
1628 989 1972 1086 Capitalia.
2019 991 2238 1083 Hujus
2281 987 2552 1076 incolae‚
2583 988 2710 1058 alio

558 1094 761 1166 latere
796 1095 925 1165 late
940 1098 1085 1166 auri
1107 1110 1176 1165 et
1196 1112 1449 1192 argenti
1468 1095 1737 1166 metalla
1765 1095 2045 1166 fodiunt.
2061 1097 2266 1164 Abiis
2286 1081 2666 1164 Oraturae²⁵
2688 1147 2710 1181 ,

557 1225 842 1296 quorum
895 1203 1037 1296 regi
1086 1201 1421 1332 elephanti
1466 1201 1734 1297 quidem
1773 1203 2036 1286 decern,
2079 1200 2195 1272 sed
2243 1199 2488 1296 amplae
2535 1203 2710 1271 vires

552 1307 901 1402 peditum.
936 1293 1337 1378 Varetatae²⁶
1350 1360 1369 1394 ,
1407 1311 1525 1402 qui
1563 1309 1686 1378 sub
1711 1333 1867 1403 rege
1895 1307 2283 1403 elephantos
2305 1332 2448 1375 non
2481 1306 2709 1390 alunt,

553 1413 796 1483 fiducia
862 1415 1162 1508 equitum
1220 1413 1674 1509 peditumque.
1743 1415 2230 1500 Odomhoerae,
2289 1411 2706 1482 Salabastrae.

555 1522 824 1590 Horatae
864 1519 1031 1588 urbe
1076 1518 1344 1614 pulcra,
1377 1518 1570 1590 fossis
1603 1518 2012 1615 palustribus
2049 1521 2302 1589 munita
2335 1546 2352 1588 :
2389 1544 2517 1614 per
2547 1543 2706 1612 quas

554 1625 913 1714 crocodili,
955 1625 1229 1694 humani
1263 1627 1564 1720 corporis
1599 1626 1992 1713 avidissimi,
2035 1625 2286 1694 aditum
2331 1625 2463 1694 nisi
2502 1639 2701 1720 ponte

554 1757 691 1800 non
710 1731 889 1802 dant.
918 1735 1006 1800 Et
1023 1729 1198 1800 aliud
1217 1731 1395 1828 apud
1415 1731 1562 1801 illos
1575 1729 1884 1801 laudatur
1905 1731 2224 1826 oppidum
2254 1727 2696 1812 Automela²⁷‚

554 1839 939 1932 impositum
982 1837 1220 1956 littori,
1270 1839 1563 1931 quinque
1606 1840 1902 1908 amnium
1951 1841 2020 1906 in
2073 1861 2282 1906 unum
2319 1837 2697 1906 confluente

476 1965 513 2015 6
550 1969 920 2031 concursu,
956 1945 1257 2038 emporio
1302 1943 1527 2011 nobili.
1574 1945 1744 2040 Regi
1789 1968 2022 2013 eorum
2058 1942 2396 2037 elephanti
2443 1966 2527 2013 u.
2575 1965 2692 2024 ne,

546 2049 849 2144 peditum
884 2073 969 2120 cn
1002 2073 1082 2120 Μ.
1122 2051 1417 2144 equiturn
1438 2051 1729 2145 quinque
1755 2073 1834 2120 Μ.
1856 2051 2224 2145 Pauperior
2247 2050 2691 2179 Charmarum

546 2180 665 2224 rex
687 2154 1075 2249 elephantos
1108 2179 1221 2243 Lx,
1247 2179 1620 2251 parvasque
1646 2155 1931 2249 reliquas
1965 2157 2138 2224 vires
2163 2153 2394 2224 habet.
2427 2140 2599 2222 Ab²⁸
2621 2154 2692 2222 iis

548 2285 709 2354 gens
740 2261 1016 2349 Pandae,
1062 2259 1202 2330 sola
1240 2259 1567 2330 Indorum
1606 2275 1880 2357 regnata
1921 2262 2200 2332 feminis.
2245 2262 2475 2330 Unam
2519 2262 2688 2328 Her-

548 2366 680 2436 culi
712 2391 905 2438 sexus
942 2367 1083 2460 ejus
1118 2367 1409 2462 genitam
1437 2367 1698 2454 ferunt,
1728 2367 1816 2436 ob
1843 2366 2042 2462 idque
2085 2367 2448 2461 gratiorem
2475 2417 2495 2450 ‚
2529 2389 2686 2461 prae·

629 2672 719 2707 33.
772 2653 991 2706 Moruni.
1046 2653 1125 2706 Ha·
1169 2655 1425 2718 montium,
1468 2666 1571 2707 etc.

544 2733 674 2787 Vet-
696 2731 841 2806 apud
859 2733 1042 2786 Dalec.
1066 2733 1334 2796 Manantes,
1363 2732 1574 2800 Masuoe,

543 2815 831 2883 Pagungoe,
884 2810 1037 2864 Latii.
1087 2812 1163 2863 Hi
1214 2815 1441 2863 montium
1491 2815 1576 2882 qm’

535 2904 768 2963 perpetuo
811 2903 969 2943 tractu
1016 2890 1204 2944 Oceani
1244 2910 1377 2942 oram
1414 2903 1576 2942 tenent

544 2973 747 3036 incolae,
766 2985 867 3024 etc.
900 2971 1017 3024 Dal,
1038 2970 1319 3032 Mor-emus,
1347 2970 1568 3028 Masuoe,

542 3051 820 3120 Pagungoe.
839 3051 953 3103 Jam
974 3051 1027 3101 1ιί
1049 3054 1277 3102 montium
1301 3053 1385 3119 qui
1402 3069 1574 3121 perpe-

542 3143 626 3182 tuo
646 3142 803 3182 tractu
824 3129 1014 3184 Oceani
1030 3149 1164 3181 oram
1185 3141 1345 3182 tenent
1367 3131 1574 3196 incola,

540 3222 645 3264 etc.
676 3211 780 3262 En.

625 3289 819 3342 33.Ηί
835 3290 1081 3341 montium.
1106 3287 1420 3341 Enumerati
1435 3305 1566 3359 pro·

539 3369 683 3423 xime
697 3367 908 3439 populi,
928 3366 1191 3420 montium
1214 3366 1405 3419 incola!
1422 3376 1568 3432 sunt,

540 3449 634 3519 qui
683 3458 943 3518 perpetuo
998 3458 1173 3499 tractu
1218 3464 1327 3499 στω
1364 3445 1566 3498 Oceani

538 3524 907 3580 meridionalis
932 3522 1101 3577 India
1144 3525 1387 3596 pratenti
1420 3537 1562 3578 sunt.

538 3605 757 3659 Solinus
790 3623 803 3658 :
854 3631 877 3652 ι
910 3605 980 3656 Hi
1028 3604 1225 3674 quibus
1255 3617 1333 3658 est
1356 3605 1564 3657 vicinus

542 3685 812 3748 Oceanus,
843 3684 957 3737 sine
987 3683 1203 3754 regibus
1216 3681 1471 3754 degum.-
1497 3681 1564 3737 Η.

626 3772 718 3829 34.
746 3764 928 3816 Nar-ea
946 3762 1132 3815 demde.
1158 3763 1269 3828 Qui
1290 3782 1416 3816 mox
1432 3781 1564 3816 enu-

538 3855 813 3896 merantur
836 3841 1022 3913 populi
1053 3841 1120 3895 ad
1142 3841 1337 3894 Indum
1360 3861 1529 3914 usque
1545 3877 1564 3908 ‚

539 3922 834 3975 obtinuisse
850 3922 1082 3976 arbitror
1094 3921 1425 3992 peninsulam
1448 3941 1566 3974 eam

536 3998 902 4055 meridionalis
916 3997 1086 4064 India
1103 4037 1119 4064 ‚
1144 4020 1263 4074 que
1276 4019 1440 4073 regna
1452 4001 1565 4054 Bis-

538 4099 731 4152 uagar,
774 4081 977 4142 Deum,
1026 4081 1222 4134 Calicat
1238 4121 1255 4144 ,
1303 4099 1564 4152 oramque

1659 2650 2537 2724 Coromandel,Mnlaharica1nqne
2549 2671 2695 2708 com-

1667 2733 1937 2804 plectitur.
1963 2733 2150 2784 Banu.

1746 2811 1839 2866 35.
1872 2811 2122 2865 Omturoe.
2159 2811 2290 2882 neg.
2325 2830 2350 2865 1
2373 2843 2392 2870 ,
2417 2830 2472 2876 3,
2503 2811 2691 2865 onec.

1661 2891 1845 2945 nmo.

1747 2973 1838 3025 36.
1865 2970 2138 3022 thatoe.
2160 2969 2318 3023 colb.
2353 2987 2405 3034 1,
2429 2987 2485 3035 3,
2501 2969 2686 3024 etDal.

1659 3047 2017 3102 Suaraeamtoe.
2031 3051 2104 3102 Et
2121 3049 2216 3118 qni
2231 3047 2551 3103 Salabastra
2569 3067 2688 3102 mox

1657 3141 1940 3194 vocantur,
1966 3129 2005 3181 ii
2027 3139 2171 3190 sunt,
2185 3127 2399 3198 opinor,
2417 3146 2558 3199 quos
2570 3129 2688 3181 Dio-

1657 3207 1824 3260 dorus
1849 3209 1956 3262 Sic.
1979 3207 2121 3260 Bibl.
2139 3207 2233 3260 lib.
2257 3207 2441 3270 xvu,
2475 3226 2532 3279 p.
2561 3207 2690 3272 568,

1656 3285 1934 3358 Σαμὸάςας
1962 3299 2135 3340 vocat.
2159 3287 2346 3338 Han.

1740 3385 1832 3438 27·
1860 3367 2142 3420 Automala.
2173 3367 2302 3434 Reg.
2343 3383 2396 3429 ι,
2431 3384 2486 3430 3,
2530 3363 2682 3420 colb.

1661 3465 1714 3512 1,
1740 3463 1792 3504 3.
1817 3447 1988 3499 Paris.
2018 3443 2306 3500 Automula.
2333 3443 2525 3498 Hau).

1735 3527 1828 3580 38.
1852 3525 1938 3578 Ab
1963 3529 2022 3577 iis
2039 3545 2160 3596 gens
2179 3523 2388 3576 Pande.
2425 3523 2562 3577 Bne
2587 3523 2682 3577 So·

1651 3604 1798 3658 linus
1822 3603 2008 3658 iisdem
2020 3605 2214 3667 verbis,
2233 3621 2352 3673 cap.
2371 3621 2482 3666 ur,
2509 3623 2572 3674 p.
2587 3621 2677 3673 79,

1653 3695 1708 3737 et
1729 3685 2043 3750 Martianus,
2071 3683 2166 3736 lib.
2198 3683 2298 3746 vl.
2328 3700 2378 3735 c.
2403 3681 2477 3735 de
2493 3681 2677 3743 India,

1651 3782 1712 3834 p.
1747 3770 1879 3827 334.
1912 3763 2168 3816 Arrianus
2197 3761 2326 3814 item
2356 3761 2414 3814 in
2453 3761 2680 3826 Indicis,

1650 3861 1708 3914 p.
1729 3843 1875 3908 534,
1903 3838 2139 3898 Πανδαίη
2161 3841 2320 3911 χόρα.
2345 3841 2678 3912 Stephanus,

1650 3918 1879 3989 nivern,
1895 3923 2024 3982 ἔθνος
2040 3912 2248 3976 ivetam.
2263 3918 2426 3974 Sedes
2439 3920 2680 3982 hiscum,

1653 4001 1753 4055 ubi
1771 4021 1916 4056 nunc
1932 4001 2210 4074 peninsula
2235 3999 2512 4066 Gazae-aee,
2525 4000 2675 4054 Cam·

1650 4082 1842 4152 bayam
1865 4082 2010 4136 inter
2039 4093 2091 4134 et
2113 4077 2310 4134 Indum
2335 4097 2582 4147 amnem..
2605 4077 2668 4131 Η.
