2950 5017
545 397 690 496 758
1087 405 1164 475 c.
1213 404 1552 476 PLINII
1599 406 1815 477 NAT.
1866 405 2131 475 ms‘r.

543 533 711 604 liciae
751 534 1118 620 maritima,
1165 538 1373 632 Cypri
1389 525 1440 572 ¹⁴
1477 540 1773 609 austrina
1792 592 1813 628 ,
1856 541 2125 609 Cretam
2143 589 2164 622 ‚
2214 534 2577 632 Lilybaeum
2612 539 2675 605 in

547 638 800 728 Sicilia,
863 642 1425 736 septemtrionalia
1475 645 1719 714 Africae
1772 659 1843 714 et
1896 643 2246 714 Numidiae.
2309 642 2677 712 Umbilicus

547 746 943 840 aequinoctio
985 771 1184 817 xxxv
1215 748 1459 843 pedum
1482 805 1504 838 ,
1544 751 1851 820 umbram
1886 752 2123 846 viginti
2160 763 2449 844 quatuor
2486 749 2679 842 pedes

549 850 818 946 longam
861 853 1042 922 facit.
1085 855 1248 923 Dies
1285 867 1510 925 autem
1553 882 1819 952 noxque
1854 859 2143 927 maxima
2180 855 2681 950 quatuordecim

551 957 868 1027 horarum
905 959 1460 1054 aequinoctialium
1498 978 1625 1050 est,
1661 964 2019 1034 accedente
2057 963 2139 1032 iis
2174 963 2405 1057 quinta
2426 948 2475 990 ‘⁵
2503 975 2685 1056 parte

552 1065 748 1136 unius
785 1065 984 1135 horae.

487 1181 519 1238 4
660 1172 922 1240 Tertius
940 1157 988 1196 ¹⁶
1008 1171 1294 1244 circulus
1322 1174 1407 1242 ab
1425 1174 1610 1244 Indis
1631 1178 1818 1246 Imao
1837 1177 2159 1270 proximis
2180 1175 2415 1245 oritur.
2450 1171 2689 1243 Tendit

555 1301 678 1370 per
713 1279 990 1372 Caspias
1027 1293 1254 1373 portas
1291 1280 1533 1350 Mediae
1575 1283 1911 1375 proximas
1928 1281 1999 1369 ¹⁷,
2037 1283 2471 1367 Cataoniam,
2510 1281 2687 1373 cap-

555 1382 942 1476 padociam,
998 1386 1330 1474 Taurum,
1370 1389 1740 1472 Amanum,
1803 1391 2018 1457 Issum
2047 1441 2066 1474 ,
2112 1385 2378 1458 Cilicias
2424 1399 2649 1480 portas
2670 1438 2689 1470 ,

557 1487 792 1574 Solos,
827 1493 1108 1560 Tarsum
1137 1541 1158 1576 ,
1219 1493 1560 1586 Cyprum,
1598 1493 1945 1582 Pisidiam,
1997 1491 2405 1589 Pamphyliae
2461 1490 2692 1572 Siden,

560 1596 964 1690 Lycaoniam
980 1649 1002 1680 ,
1027 1599 1246 1692 Lyciae
1273 1601 1540 1686 Patara,
1566 1600 1948 1689 Xanthum,
1972 1603 2282 1671 Caunum
2306 1653 2326 1684 ,
2346 1596 2693 1680 Rhodum,

559 1703 816 1790 Coum,
848 1702 1384 1774 Halicarnassum
1407 1755 1427 1786 ‚
1452 1705 1749 1784 Gnidum
1770 1759 1791 1789 ,
1816 1707 2103 1795 Dorida,
2128 1707 2404 1792 Chium,
2432 1701 2696 1786 Delum,

562 1807 888 1901 Cycladas
923 1809 1210 1894 medias,
1239 1811 1563 1903 Gythium
1583 1797 1655 1898 ¹⁸,
1680 1810 2001 1901 Maleam,
2028 1815 2243 1908 Argos
2260 1863 2278 1892 ‚
2300 1811 2695 1892 laconiam,

563 1912 756 2000 Elin,
793 1914 1201 2009 Olympiam,
1243 1918 1643 1986 Messeniam
1668 1916 1717 1955 ¹⁹
1772 1916 2244 2014 Peloponnesi,
2302 1918 2697 2010 Syracusas»,

567 2021 875 2090 Catinam
893 2073 913 2108 ,
936 2018 1224 2091 Siciliam
1249 2021 1535 2091 mediam
1558 2078 1577 2110 ,
1614 2023 1934 2093 Sardiniae
1966 2027 2296 2110 austrina,
2326 2024 2663 2095 Carteiam
2680 2073 2697 2108 ,

567 2125 813 2195 Gades.
861 2128 1236 2198 Gnomonis
1273 2129 1855 2199 centum²⁰unciae
1874 2183 1893 2216 ,
1938 2131 2241 2200 umbram
2286 2130 2698 2224 septuaginta

545 2243 822 2326 'septem
872 2234 1216 2302 unciarum
1259 2233 1531 2304 faciunt.
1582 2237 2039 2330 Longissimus
2074 2236 2214 2307 dies
2254 2249 2357 2304 est
2408 2236 2697 2329 aequino·

567 2336 860 2407 ctialium
906 2340 1227 2409 horarum
1263 2341 1765 2435 quatuordecim
1812 2355 2012 2436 atque
2046 2342 2363 2430 dimidiae,
2398 2365 2557 2410 eum
2594 2341 2699 2408 tri-

569 2446 818 2538 gesima
858 2461 1048 2540 parte
1092 2449 1286 2515 unius
1323 2446 1532 2518 horae.

677 2552 939 2639 Quarto
961 2553 1007 2581 ²¹
1047 2553 1390 2646 subjacent
1427 2553 1679 2624 circulo
1701 2605 1720 2638 ,
1761 2579 1911 2649 quae
1939 2569 2094 2624 sunt
2136 2555 2221 2624 ab
2249 2553 2465 2623 altero
2508 2552 2703 2621 latere

571 2657 781 2742 Imai‚
857 2658 1300 2753 Cappadociae
1350 2662 1677 2740 austrina,
1750 2659 2053 2746 Galatia,
2116 2662 2374 2756 Mysia,
2443 2658 2663 2728 Sardis
2684 2707 2702 2738 ,

570 2763 850 2856 Smyrna
875 2816 896 2852 ,
955 2763 1259 2860 SipyluS‚
1314 2765 1589 2838 Tmolus
1636 2791 1831 2836 mons
1871 2767 2097 2862 Lydiae
2122 2821 2141 2854 ,
2196 2768 2399 2837 Caria
2424 2819 2445 2854 ,
2494 2767 2705 2847 Ionia,

568 2867 806 2946 Trallis
829 2920 850 2954 ,
896 2869 1290 2966 Colophon,
1357 2872 1701 2968 EphesuS,
1754 2872 2025 2944 Miletos
2048 2923 2069 2958 ,
2126 2875 2360 2942 Samos
2390 2925 2413 2960 ,
2476 2872 2706 2952 Chios,

503 2544 534 2597 5

658 3077 745 3135 14.
807 3069 963 3143 Cypri
1015 3074 1252 3126 aresti-ina.
1303 3069 1392 3124 Sic
1436 3072 1601 3142 paulo
1775 3089 1868 3141 17.
1886 3072 2170 3135 Proximus,
2199 3069 2511 3124 Cataoniam.
2528 3069 2703 3122 Chim.

571 3161 725 3222 post,
763 3174 786 3196 ι
817 3148 1074 3204 Sardinia
1100 3151 1334 3204 austrina
1350 3189 1367 3215 ,
1387 3152 1601 3222 Cappa·
1680 3154 1953 3222 proximam
1978 3151 2247 3204 Caeaom'oe.
2273 3149 2379 3202 En.

570 3227 740 3284 docio
791 3230 1058 3296 austrina,
1097 3241 1199 3282 etc.
1225 3255 1249 3276 ι
1309 3230 1490 3284 Han.
1518 3263 1599 3274 —
1660 3241 1671 3250 ’
1773 3233 1864 3285 18.
1898 3230 2152 3301 Gyebe'um.
2196 3231 2278 3282 De
2308 3246 2420 3300 qno
2460 3229 2559 3282 lib.
2594 3229 2673 3281 IV
2692 3267 2709 3294 ,

572 3308 718 3361 Male
729 3326 858 3380 ergo
872 3308 1601 3383 Dalec.Cff1-um,austn'nam,
1688 3327 1810 3379 cap.
1838 3311 1890 3364 8.
1920 3310 2101 3364 Ham).

573 3399 674 3442 etc.
700 3386 807 3441 Eo.
1269 3451 1280 3460 ι
1776 3407 1866 3459 19.
1901 3389 2203 3442 Messeniam.
2222 3385 2413 3442 Chim.
2428 3387 2709 3440 Messena.

660 3467 753 3520 15.
809 3469 999 3538 Quinta
1051 3481 1210 3538 parre.
1261 3469 1465 3534 Quarta
1490 3507 1505 3532 ,
1558 3467 1603 3521 si
1690 3469 1869 3522 Dalec.
1896 3469 2161 3522 Messenen.
2186 3465 2289 3522 En.

577 3545 892 3600 Strabonem
925 3546 1202 3614 audimus,
1227 3548 1322 3601 lib.
1356 3549 1444 3614 11,
1480 3565 1601 3619 pag.
1774 3567 1863 3600 πο.
1892 3547 2094 3601 Centum
2127 3550 2295 3600 uncia.
2336 3547 2573 3601 Centum
2598 3565 2713 3618 par·

583 3627 722 3691 134,
753 3639 807 3680 et
849 3626 1196 3680 Ptolemaeum
1213 3666 1230 3694 ,
1258 3629 1466 3700 Almag.
1513 3628 1605 3698 lib.
1697 3639 1791 3680 tes.
1814 3625 1933 3680 Hoc
1960 3641 2039 3682 est
2056 3667 2072 3694 ‚
2100 3624 2336 3680 eamdem
2364 3627 2531 3680 habet
2558 3627 2714 3680 ratio·

577 3705 664 3768 11,
697 3723 817 3776 cap.
847 3709 899 3758 6.
923 3705 1106 3780 Han.
1698 3725 1821 3760 nem
1849 3704 1915 3758 ad
1956 3709 2201 3760 umbram
2243 3706 2537 3760 umbilicus
2560 3706 2713 3759 horo-

664 3789 754 3838 16.
789 3785 985 3838 Tertius
1016 3787 1237 3838 circulus.
1281 3785 1372 3840 Διὰ
1415 3777 1571 3841 ῥόδου
1594 3827 1609 3852 ,
1700 3787 1862 3857 logii,
1891 3787 2001 3840 sive
2045 3806 2311 3857 gnomon,
2358 3805 2520 3857 quam
2564 3787 2717 3839 habet

579 3881 678 3934 per
727 3863 980 3917 Rhodum
1019 3866 1435 3936 cognominatus.
1475 3867 1610 3920 Tra·
1701 3867 2033 3919 centenarius
2047 3885 2298 3920 numerus
2322 3864 2393 3918 ad
2419 3885 2626 3919 nxxvn.
2648 3864 2712 3916 Η.

580 3942 782 3996 duntur
805 3942 992 3997 eadem
1032 3945 1099 3998 ab
1139 3947 1514 4012 Eratosthene,
1552 3959 1613 4001 ut
1781 3963 1865 3999 21.
1895 3946 2105 4016 Quarto.
2134 3946 2223 4001 Διὰ
2260 3947 2477 4016 Σμύρνης
2500 3985 2517 4010 ,
2547 3945 2711 3997 Ptole-

583 4022 775 4076 Strabo
803 4023 982 4079 innuit
1000 4061 1017 4092 ,
1039 4025 1142 4080 loc.
1163 4025 1252 4079 cit.
1274 4026 1458 4090 Han.
1700 4044 1839 4082 maeo
1858 4065 1877 4094 ,
1900 4025 2003 4081 loc.
2028 4027 2121 4088 cit.
