2950 5017
605 472 752 547 516
1141 476 1218 545 C.
1277 474 1625 545 PLINII
1679 472 1891 543 NAT.
1948 476 2211 544 HIST.

600 608 935 702 Lycaonia
955 660 973 694 ,
1004 606 1088 675 ab
1128 607 1474 677 occidente
1504 608 1729 700 AEgaeo
1770 607 1978 693 mari,
2014 632 2051 675 a
2084 606 2356 677 meridie
2384 606 2707 702 AEgypfin,

533 734 565 791 4
601 739 641 782 a
671 714 1142 809 septemtrione
1169 710 1644 809 Paphlagonia.
1674 712 1891 806 Hujus
1926 710 2405 807 longitudinem
2434 734 2708 783 ccccm

601 819 760 889 mill.
799 844 1113 915 passuum
1138 873 1158 906 ,
1195 818 1611 903 latitudinem
1638 840 1870 888 cccxx
1899 816 2055 887 mill.
2096 819 2269 890 fecit.
2298 818 2583 889 Alteram
2614 818 2713 887 de·

603 928 986 997 terminavit
1053 925 1138 993 ab
1190 927 1481 1010 oriente,
1524 925 1837 994 Armenia
1883 927 2189 995 minore:
2230 926 2319 994 ab
2362 924 2713 1010 occidente,

599 1033 923 1127 Phrygia,
980 1034 1315 1125 Lycaonia
1333 1086 1353 1119 ‚
1415 1028 1803 1125 Pamphylia
1847 1055 1862 1098 τ
1920 1054 1961 1099 3
2004 1033 2503 1127 septemtrione,
2572 1056 2713 1126 pro-

601 1139 819 1207 vincia
869 1139 1198 1207 Pontica:
1253 1163 1294 1205 a
1367 1136 1677 1223 meridie,
1741 1138 1909 1205 mari
1958 1136 2353 1233 Pamphylio
2395 1162 2411 1206 ι
2464 1138 2707 1231 longam

602 1268 830 1313 anxv
861 1242 1024 1313 mill.
1066 1268 1236 1338 paSS.
1275 1242 1476 1313 latam
1515 1264 1792 1313 cccxxv
1824 1240 1987 1312 mill.

537 1398 560 1431 1
707 1352 961 1419 XXIX.
1000 1352 1084 1418 In
1123 1351 1429 1446 proxima
1461 1372 1583 1418 ora
1624 1347 1856 1418 Caria¹
1903 1362 2034 1435 est,
2074 1374 2231 1418 mox
2274 1350 2463 1419 Ionia
2504 1378 2521 1418 ε
2556 1348 2711 1417 ultra

599 1478 746 1525 eam
790 1453 1050 1527 AEolis’.
1091 1456 1288 1526 Caria
1315 1454 1548 1524 mediae
1568 1453 1804 1523 Doridi
1834 1454 2425 1541 circumfunditur,
2451 1455 2531 1525 ad
2554 1478 2713 1523 mare

594 1576 886 1657 utroque
935 1559 1142 1632 latere
1182 1560 1501 1631 ambiens.
1541 1564 1623 1629 In
1670 1545 1785 1629 ea³
1816 1564 2355 1655 promontorium
2382 1561 2713 1632 Pedalium

598 1669 830 1739 Amnis
867 1654 1204 1737 Glaucus⁴
1243 1666 1551 1737 deferens
1584 1663 2015 1736 Telmessum.
2054 1668 2385 1762 Oppida:
2416 1651 2696 1739 Daedala⁵
2698 1716 2717 1751 ,

597 1760 810 1869 Crya⁶
848 1774 1300 1871 fugitivorum.
1327 1772 1611 1843 Flumen
1648 1773 1877 1862 Axon,
1915 1773 2242 1869 oppidum
2287 1772 2628 1870 Calynda.

595 1938 849 2011 preferat
871 1935 944 2003 ).
992 1938 1211 1992 alteram
1258 1937 1635 1992 determinavit
1806 1939 1856 1993 5.
1892 1938 2125 1993 Daedala.
2168 1936 2404 1994 Δαίδαλα
2452 1938 2719 2011 Stephano,

601 2020 670 2071 ab
691 2018 901 2072 oriente
916 2059 932 2085 ,
955 2017 1209 2072 Armenia
1253 2016 1463 2071 minore
1500 2038 1513 2071 :
1566 2018 1634 2071 ab
1722 2020 1861 2081 πόλις
1880 2020 2149 2084 Aoniam&
2166 2020 2419 2074 Straboni
2433 2058 2451 2085 ‚
2471 2020 2563 2074 lib.
2582 2016 2714 2082 XIV,

605 2096 882 2152 occidente
921 2137 938 2166 ,
990 2098 1228 2169 Phrygia
1250 2136 1269 2163 ,
1318 2096 1587 2171 Lycaonia
1616 2134 1633 2163 ,
1719 2115 1841 2170 pag.
1880 2098 2015 2153 651.
2041 2098 2328 2153 Ptolemaeo
2360 2100 2517 2161 item,
2543 2098 2625 2151 lib.
2644 2096 2713 2161 V,

609 2177 925 2249 Pamphylia
954 2193 968 2231 ε
997 2196 1027 2230 e
1053 2176 1467 2249 septemtrione,
1506 2196 1635 2248 pro·
1722 2195 1840 2248 cap.
1872 2176 1928 2244 3,
1956 2174 2209 2231 Δάδδα).α
2243 2196 2346 2248 pro
2396 2176 2636 2242 Δαίδαλα,
2666 2174 2714 2228 ῖιι

609 2256 786 2310 vincia
837 2258 1058 2311 Pontica
1088 2274 1101 2309 :
1132 2275 1164 2309 a
1191 2254 1448 2322 meridie,
1502 2256 1635 2309 mari
1721 2256 1887 2329 Lycia
1905 2295 1922 2324 ,
1952 2257 2083 2311 citra
2108 2257 2437 2311 Telmessum
2461 2254 2715 2330 oppidula,

606 2334 964 2407 Pamphylio.
953 2356 965 2367 ·
983 2334 1416 2407 longitudinem,
1437 2352 1637 2401 nuxV,
1722 2334 1872 2408 quod
1912 2337 2077 2389 finem
2134 2354 2247 2391 esee
2288 2336 2469 2409 Lycia
2510 2335 2719 2410 proxime

607 2414 984 2481 latitudinem,
1007 2434 1258 2469 cccxxv,
1235 2415 1501 2467 =·.·Hnm
1722 2428 1875 2469 antea
1922 2414 2176 2469 diximus.
2233 2416 2407 2471 Caria
2454 2416 2685 2469 nimirum
2702 2450 2718 2478 ‚

687 2494 893 2548 XXIX.
933 2513 982 2549 1.
1015 2496 1186 2549 Caria.
1199 2494 1358 2547 Nunc
1376 2490 1638 2547 Doridem
1722 2495 2010 2567 Lyciaeque
2040 2495 2275 2549 confinia
2304 2515 2447 2568 soepe
2474 2496 2715 2568 permixta.

611 2575 768 2631 Caria
797 2572 1026 2628 includit
1055 2594 1088 2629 a
1119 2574 1478 2627 continente:
1513 2572 1639 2626 reli·
1807 2578 1862 2628 6.
1896 2576 2045 2647 Crya.
2068 2576 2195 2629 Vet.
2228 2593 2317 2649 ap.
2362 2576 2509 2630 Dale.
2538 2575 2715 2629 cam·-

611 2674 717 2726 qua
746 2655 826 2708 sui
853 2667 1002 2727 parte
1032 2654 1168 2707 mari
1217 2652 1375 2707 Doris
1400 2653 1637 2707 alluitur.
1724 2652 1909 2707 Chim.
1932 2655 2127 2727 Cyn-ia.
2152 2654 2260 2709 En.
2281 2686 2363 2698 —
2392 2650 2716 2709 promontorii

610 2736 790 2788 Ηιιιι).
1724 2751 1920 2785 nomen
1941 2746 2017 2786 est
2036 2734 2195 2787 Mela
2208 2772 2225 2799 ,
2242 2735 2347 2788 loc.
2364 2736 2456 2789 cit.
2474 2734 2717 2806 Stephano

697 2832 748 2867 ι.
782 2813 951 2865 AEolis
986 2812 1156 2865 Caria.
1171 2846 1184 2859 .
1209 2844 1226 2859 .
1285 2810 1511 2864 ambiens.
1547 2811 1640 2864 Li·
1724 2815 1867 2882 Κρῦει
1880 2814 2017 2875 noli<
2036 2813 2225 2875 Δυκίας
2240 2854 2259 2882 ,
2284 2814 2342 2868 in
2357 2815 2534 2887 Lycia
2550 2828 2719 2882 nempe

612 2894 826 2947 beatius
852 2891 1058 2963 legisset
1081 2888 1450 2963 Dalecampius
1473 2891 1639 2944 :AE0-
1723 2890 1937 2945 vicinio.
1969 2892 2257 2946 Ptolemoeo
2272 2932 2289 2958 ,
2312 2894 2411 2948 lib.
2438 2895 2491 2946 V
2507 2932 2523 2959 ,
2548 2911 2650 2965 cep-
2670 2890 2719 2953 3,

614 2974 676 3027 lae's
693 3012 710 3037 ‚
753 2970 910 3023 media
952 2968 1159 3023 Doride.
1223 2970 1641 3035 Circumfunde‘tur
1724 2972 1927 3042 Καρύα,
1946 2968 2217 3025 mendose.
2244 2975 2511 3043 Κρῦασσαν
2530 2970 2723 3026 inca-ia

615 3054 740 3104 mari
769 3062 968 3121 utroque
992 3051 1142 3102 latere
1171 3050 1420 3103 ambiente.
1448 3050 1554 3102 En.
1724 3046 2035 3105 Plutarchus
2058 3052 2323 3123 agnoscit,
2346 3054 2443 3109 lib.
2458 3052 2526 3108 de
2544 3052 2719 3106 Virtut-

699 3130 754 3186 3.
795 3131 856 3183 In
903 3148 980 3181 ea.
1011 3130 1076 3181 In
1124 3127 1308 3194 Caria,
1357 3127 1503 3182 unde
1529 3130 1641 3201 ipsa
1724 3129 1933 3184 mulier.
1964 3150 2082 3203 pag.
2108 3135 2241 3197 246.
2262 3132 2444 3188 Han.

543 3208 552 3223 '
616 3224 736 3283 post
763 3209 981 3282 Lyciam
1009 3209 1220 3280 incipit.
1242 3206 1412 3274 Mela,
1434 3208 1532 3261 lib.
1573 3210 1601 3261 1
1623 3248 1641 3275 ‚
1807 3228 1860 3280 7.
1897 3210 2143 3282 Calynda.
2172 3210 2487 3267 Hermolaus
2522 3208 2721 3285 Celsi*

615 3308 732 3362 cap.
769 3309 792 3343 1
807 3290 836 3342 5
871 3308 884 3342 :
909 3314 932 3337 ι
955 3288 1091 3353 Quae
1110 3287 1329 3359 Lyciam
1348 3286 1493 3353 finit,
1512 3289 1643 3342 urbs
1726 3288 1995 3361 rescripsit
2018 3330 2036 3357 ,
2097 3292 2276 3345 invitis
2366 3290 2723 3364 exemplaribus

616 3370 928 3424 Telmessos.
959 3393 982 3416 ιι
1010 3368 1140 3421 Mox
1163 3386 1276 3438 cap.
1311 3370 1372 3421 16
1397 3383 1412 3420 ε
1441 3392 1464 3415 ι
1488 3366 1646 3422 Caria
1726 3368 1880 3423 MSS.
1898 3382 1951 3423 et
1964 3370 2183 3424 vetustis
2194 3368 2545 3435 editionibus,
2567 3372 2723 3423 Parm-

618 3450 871 3521 sequitur.
889 3482 902 3495 -
929 3482 942 3495 ·
969 3446 1345 3501 Promontoria
1364 3444 1474 3499 duo
1502 3466 1515 3499 :
1542 3448 1643 3501 Pe·
1728 3450 2037 3521 ceterisque
2053 3487 2071 3515 ‚
2089 3448 2263 3503 invito
2288 3468 2501 3521 quoque
2524 3448 2725 3502 Ptolem·

619 3528 804 3582 dalion
829 3568 844 3594 ,
871 3540 923 3581 et
941 3527 1100 3601 Crya.
1141 3552 1164 3573 ι
1200 3526 1383 3579 Hum.
1726 3528 1821 3581 lib.
1846 3530 1932 3593 V,
1979 3546 2093 3600 cap.
2117 3526 2148 3579 3
2170 3566 2187 3593 ,
2222 3525 2453 3582 Kemvd‘a
2484 3528 2729 3584 scribente

703 3615 757 3673 4.
781 3607 1015 3662 Glaucus.
1039 3610 1256 3667 Γλαῦκος
1279 3624 1436 3677 quem
1457 3604 1528 3671 Q.
1546 3604 1645 3659 Ca·
1727 3626 1829 3680 pro
1870 3606 2130 3662 Κάλυνδα.
2166 3608 2444 3679 Stephano
2470 3608 2591 3662 item
2610 3644 2627 3670 ‚
2649 3602 2727 3657 eui

619 3688 792 3753 luber,
809 3688 908 3740 lib.
930 3687 1031 3753 IV,
1043 3704 1177 3740 vers.
1203 3688 1235 3739 6
1255 3698 1308 3739 et
1330 3704 1353 3739 1
1371 3702 1394 3738 ι
1409 3726 1424 3745 .
1440 3687 1643 3738 incon-
1729 3682 2003 3754 Κάλυνδα,
2048 3688 2189 3750 πόλις
2238 3691 2449 3759 Καρίας.
2504 3685 2729 3757 Denique

620 3768 756 3821 finio
774 3766 952 3840 Lycia
977 3778 1124 3819 recte
1143 3764 1425 3819 collocavit
1434 3765 1643 3829 ,Λυκίης
1728 3764 2038 3834 Herodoto,
2062 3767 2158 3819 lib.
2188 3767 2355 3835 VIII,
2380 3767 2473 3821 uhi
2497 3765 2562 3819 de
2584 3766 2729 3815 Arte·

621 3842 802 3915 σχεδὸν
841 3846 969 3905 αἴης.
1000 3846 1066 3898 In
1097 3846 1244 3898 hunc
1271 3862 1559 3897 exonerare
1588 3862 1645 3898 se
1728 3844 1912 3911 misia,
1940 3846 2169 3900 Mausoli
2197 3846 2365 3901 Cariae
2404 3846 2536 3917 regis
2576 3856 2727 3895 uxore

621 3942 832 3978 amnem
871 3925 1094 3977 alterum
1116 3924 1322 3978 Plinius
1349 3925 1422 3976 sit
1439 3964 1456 3989 ,
1484 3942 1644 3995 quem
1730 3942 1911 3996 agens,
1954 3920 2247 3987 Καλυνὸίοις
2280 3944 2395 3980 eam
2421 3924 2723 4009 imperim-e

627 4004 921 4056 Telmedium
931 4002 1083 4056 MSS.
1101 4002 1643 4068 omnes,Telmessum
1728 4002 1990 4076 prodidit.
2024 4010 2270 4076 Κάλυμνα
2295 4018 2465 4059 tamen
2492 3994 2723 4056 straboni

619 4082 808 4136 maluit
829 4082 1090 4136 Barbarus
1105 4082 1390 4155 appellare.
1411 4080 1595 4138 Han.
1728 4080 1957 4148 dicitur,
1996 4084 2092 4138 lib.
2136 4086 2290 4153 xlv,
2320 4102 2435 4157 pag.
2468 4084 2586 4137 561.
2622 4072 2719 4131 Sed
