2950 5017
1076 479 1395 548 LIBER
1442 479 1580 546 VI.

248 611 453 681 Nunc
502 612 729 682 abesse
764 636 803 680 a
838 611 1061 682 littore
1100 636 1243 682 cxx
1290 610 1455 682 mill.
1497 610 1695 707 legati
1725 611 2021 682 Arabum
2058 618 2400 711 nostrique

250 721 698 812 negotiatores
740 721 855 813 qui
886 718 1039 788 inde
1074 743 1353 805 venere,
1380 717 1760 787 affirmant:
1787 742 1912 788 nec
1951 717 2084 788 ulla
2109 723 2178 788 in
2208 739 2398 817 parte

251 823 403 917 plus
440 839 558 894 aut
596 825 872 895 celerius
907 826 1253 921 profecere
1287 838 1480 893 terrae
1511 824 1934 893 fluminibus
1916 841 2210 896 invectae.
2238 831 2398 898 Ma-

250 930 351 1022 gis
384 930 452 999 id
483 933 723 1000 mirum
748 945 881 1018 est,
906 946 1068 1000 aestu
1100 929 1297 1026 longe
1318 928 1495 999 ultra
1523 929 1590 998 id
1621 929 1980 998 accedente
2007 939 2146 1001 non
2173 959 2397 1028 reper-

248 1036 513 1106 cussas⁹
514 1023 776 1108 ⁵'.Hoc
757 1063 825 1104 m
866 1034 1015 1107 loco
1060 1039 1353 1131 genitum
1379 1060 1522 1106 esse
1539 1022 2035 1130 Dionysium⁹⁶‚
2069 1052 2400 1111 terrarum

246 1143 431 1212 orbis
482 1145 645 1212 situs
688 1145 1215 1213 recentissimum
1270 1157 1613 1212 auctorem
1664 1141 2025 1228 constat⁹⁷,
2069 1169 2268 1239 quem
2313 1147 2401 1218 ad

246 1249 759 1318 commentanda
774 1251 997 1318 omnia
1010 1251 1080 1317 in
1099 1251 1443 1319 Orientem
1463 1248 1784 1343 praemisit
1795 1251 2011 1318 Divus
2024 1253 2366 1346 Augustus
2377 1304 2398 1340 ,

244 1354 425 1423 ituro
464 1358 535 1424 in
572 1337 955 1426 Armeniam
994 1355 1081 1424 ad
1129 1355 1471 1424 Parthicas
1509 1354 2026 1500 Arabicasque99
1991 1381 2098 1426 res
2145 1359 2401 1452 majore

246 1446 467 1529 filio⁹⁸.
510 1465 669 1532 Non
706 1487 813 1530 me
836 1463 1165 1557 praeterit,
1204 1485 1331 1531 nec
1358 1485 1508 1530 sum
1544 1459 1823 1547 oblitus,
1865 1461 2026 1530 sui⁹⁹
2067 1488 2398 1560 quemque

246 1567 415 1635 situs
436 1565 1010 1663 diligentissimum
1034 1582 1377 1638 auctorem
1406 1568 1621 1635 visum
1653 1566 1888 1636 nobis
1868 1593 1937 1636 m
1968 1569 2248 1639 introitu
2267 1570 2396 1641 hu·

238 1671 349 1764 jus
390 1676 629 1769 operis.
666 1677 749 1742 In
784 1674 911 1742 hac
942 1689 1167 1743 tamen
1192 1687 1382 1768 parte
1414 1696 1603 1741 arma
1635 1697 1912 1741 romana
1962 1676 2145 1770 sequi
2179 1675 2399 1771 placet

243 1779 472 1867 nobis,
522 1784 559 1848 J
565 1781 897 1875 ubamque
950 1805 1212 1874 regem,
1274 1778 1361 1848 ad
1414 1778 1723 1848 eumdem
1776 1781 2014 1849 Caium
2060 1783 2396 1854 caesarem

242 1887 505 1980 scriptis
546 1885 995 1956 voluminibus
1025 1885 1110 1955 de
1154 1884 1385 1954 eadem
1422 1884 1842 1979 expeditione
1875 1886 2179 1956 Arabica.

2259 479 2398 576 705

324 2045 417 2111 95.
458 2040 577 2094 Non
602 2059 916 2110 repercussas.
956 2039 1083 2091 Non
1108 2053 1277 2092 retra-
1364 2037 1562 2098 miliia.
1588 2053 1648 2107 p.
1685 2042 1777 2100 40.
1804 2037 1946 2092 Hinc
1978 2052 2140 2110 ceput
2168 2043 2396 2113 Augusti

242 2121 427 2174 ctasin
446 2138 611 2183 mare,
629 2117 993 2173 virecedentis
1012 2129 1185 2171 astus.
1202 2119 1271 2170 H.
1360 2115 1570 2169 nudum
1613 2117 1866 2182 exhibet,
1901 2137 2024 2171 eum
2063 2120 2358 2194 epigraphe
2375 2163 2394 2191 ,

325 2204 419 2268 96.
482 2200 795 2270 Dionysium.
842 2197 1155 2268 Periegeten
1203 2198 1274 2250 ab
1360 2194 1552 2248 dextro
1585 2195 1786 2253 lateres
1816 2215 2116 2254 ram-mcvs
2161 2218 2285 2254 nrr.
2321 2203 2393 2258 si-

238 2298 409 2350 opere
432 2280 900 2348 cognominatum3
920 2296 949 2330 a
974 2278 1135 2331 natali
1157 2277 1273 2329 solo
1358 2277 1531 2328 nisti-o
1581 2273 1808 2341 deinde,
1856 2295 1915 2339 Q.
1966 2297 2253 2334 ninmvs.
2302 2283 2391 2338 Sic

236 2357 665 2412 Alexandrinum
706 2377 722 2410 ι
762 2377 878 2412 non
924 2357 1015 2410 illa
1050 2355 1273 2428 quidem

236 2439 457 2510 AEgypti
480 2438 695 2494 civitate
718 2437 989 2491 notissima
1006 2473 1023 2498 ‚
1052 2435 1145 2490 sed
1172 2437 1273 2491 ista

236 2519 567 2571 obscurioris
613 2519 765 2571 samo
785 2553 803 2581 ,
856 2535 977 2589 quae
1036 2515 1269 2570 Susiana

234 2597 343 2652 fuit
362 2635 381 2661 ,
424 2609 479 2651 et
518 2598 625 2650 alio
676 2598 897 2650 nomine
936 2595 1145 2649 Charax
1192 2607 1271 2649 est

234 2676 530 2750 appellata,
552 2689 618 2730 ut
636 2675 869 2730 diximus
891 2676 949 2728 in
972 2678 1269 2729 Auctor-um

232 2757 672 2829 syuabo.11mn.

318 2857 415 2906 97.
452 2837 674 2890 Constat.
708 2835 835 2889 Hoc
865 2852 970 2888 vox
998 2835 1055 2888 in
1085 2833 1268 2888 chiffl.

232 2916 587 2972 desideratur.
612 2917 717 2970 En.

318 2999 415 3066 98.
463 2995 657 3067 Majore
688 2993 822 3064 filio.
872 2994 1047 3058 Caio,
1097 2991 1265 3045 Marci

232 3078 491 3148 Agrippa
544 3089 599 3130 et
654 3075 811 3128 Julian
856 3073 1083 3144 Augusti
1140 3072 1267 3124 filia

230 3172 420 3211 natura
440 3192 458 3219 ,
503 3154 729 3227 Augusti
766 3152 1056 3224 adoptione
1097 3151 1213 3204 filio
1246 3169 1262 3204 ε

228 3237 323 3291 eui
366 3235 549 3288 minor
586 3249 717 3288 natu
764 3234 927 3286 frater
947 3269 964 3296 ,
1010 3231 1265 3303 Agrippa

228 3315 437 3388 pariter
451 3327 507 3368 et
524 3313 747 3386 Augusti
765 3312 908 3365 filius
926 3312 1125 3364 Lucius
1142 3311 1259 3364 fuit.

231 3397 391 3450 Prius
417 3395 531 3465 ipse
564 3395 833 3464 Augustus
855 3389 1105 3446 adversus
1131 3390 1262 3444 Par-

229 3477 355 3530 thos
380 3475 608 3528 feliciter
636 3472 971 3532 dimicuerat,
988 3482 1119 3523 teste
1132 3471 1259 3521 vir-

227 3555 398 3628 gilio,
432 3554 487 3606 in
524 3554 634 3606 fine
658 3551 785 3606 libri
825 3549 1129 3619 Georgicon
1160 3567 1173 3600 :
1205 3561 1261 3602 et

232 3635 457 3689 Horatio
476 3671 495 3699 ,
541 3649 699 3685 versu
748 3630 841 3682 illo
858 3669 873 3694 ,
912 3628 1149 3702 epistola
1198 3646 1221 3680 1
1241 3666 1258 3693 ‚

228 3716 358 3768 libri
388 3715 481 3766 11:
524 3737 547 3760 ι
568 3713 639 3764 Et
668 3707 1007 3764 formidatum
1047 3708 1257 3762 Parthis

228 3809 283 3849 te
321 3791 573 3863 Principe
616 3791 861 3844 Romam.
885 3814 908 3835 ι
962 3788 1139 3842 Testis
1178 3799 1259 3841 est

230 3875 393 3928 etiam
416 3888 669 3926 nummus
684 3882 959 3940 argenteus
982 3885 1255 3938 perrarus,

230 3973 392 4026 quem
448 3947 767 4022 jampridem
820 3947 1052 4002 vidimus
1108 3945 1255 4018 apud

234 4037 299 4087 D.
354 4033 641 4085 Fon-aum
688 4028 933 4100 Equitem
978 4027 1250 4098 Anglum,

230 4113 439 4187 qualem
471 4110 693 4164 Patinus
729 4106 1018 4161 delineavit
1058 4106 1114 4158 in
1156 4106 1253 4158 Fa.

397 4215 498 4280 II.

1356 2367 1538 2408 autem
1593 2354 2012 2427 interpretamur
2048 2375 2062 2410 :
2127 2361 2391 2416 Parthicus

1358 2436 1658 2504 Imperator,
1700 2436 1969 2506 Augustus
2015 2438 2254 2505 scilicet,
2295 2443 2391 2514 qui

1358 2533 1498 2567 anno
1519 2513 1685 2566 Urbis
1704 2533 1973 2582 nccxxrn,
1995 2515 2222 2572 Parthos
2244 2521 2394 2594 fugn-

1356 2595 1473 2658 vit‚
1524 2593 1808 2664 Asiamque
1857 2596 2101 2666 recepit3
2153 2598 2388 2672 ideoque

1355 2691 1482 2726 vere
1547 2673 1827 2726 Parthicus
1895 2675 2194 2746 Imperator
2264 2681 2388 2736 fuit.

1360 2755 1593 2822 Quaestor
1613 2753 1869 2806 Labienus.
1893 2755 1960 2806 In
1977 2773 2156 2810 aversa
2175 2762 2389 2816 nummi

1352 2845 1505 2902 parte
1542 2849 1712 2903 equus
1743 2833 1856 2886 siue
1893 2851 2094 2888 sessore
2120 2849 2227 2904 est,
2258 2857 2384 2894 cum

1352 2912 1546 2977 freno,
1571 2929 1756 2981 gerens
1783 2931 1995 2966 saccum
2025 2914 2269 2984 inanem,
2293 2936 2386 2990 pe-

1352 2992 1512 3044 cunia
1553 2986 1779 3053 (credo)
1827 2993 2002 3045 orarii
2041 2995 2284 3050 militaris
2325 2999 2382 3052 in

1350 3071 1554 3122 bellum
1606 3069 1893 3137 exhausta3
1948 3072 2146 3144 absque
2192 3075 2382 3132 inscri-

1349 3149 1554 3221 ptione.
1579 3149 1875 3202 Nummum
1895 3151 2040 3205 hunc
2061 3154 2154 3224 qui
2181 3155 2257 3209 sic
2287 3175 2380 3212 ex.

1348 3247 1577 3299 posuere
1589 3267 1607 3293 ,
1637 3229 1847 3298 Quintus
1867 3230 2108 3284 Labienus
2121 3233 2378 3292 Parthicus

1348 3309 1647 3378 Imperator,
1674 3309 1847 3362 multa
1875 3309 2076 3364 finxere
2107 3313 2336 3370 absurda
2358 3355 2374 3382 ,

1348 3407 1466 3458 quae
1489 3387 1732 3442 resellere
1755 3407 1865 3440 non
1880 3401 1956 3440 est
1979 3389 2144 3461 hujus
2157 3393 2276 3448 loci.
2303 3395 2374 3450 H.

1428 3486 1516 3536 99.
1555 3466 1646 3520 Sui
1685 3485 1909 3538 quemque
1942 3471 2080 3522 situs.
2117 3471 2208 3524 Ait
2237 3491 2291 3527 se
2317 3476 2376 3528 in

1344 3545 1569 3600 introitu
1593 3545 1752 3616 hujus
1781 3545 1960 3617 operis
1986 3547 2374 3646 Geograplaiei,

1344 3625 1450 3679 hoe
1481 3639 1588 3691 est,
1613 3625 1711 3678 lib.
1743 3627 1860 3690 111,
1895 3644 1943 3680 c.
1978 3644 2039 3692 1,
2068 3633 2374 3700 promisisse

1344 3725 1399 3758 se
1424 3718 1728 3758 secuturum
1759 3718 2030 3771 auctores,
2059 3721 2120 3760 ut
2145 3712 2373 3784 quisque

1342 3782 1748 3855 diligentissime
1809 3785 1940 3838 situs
2009 3785 2246 3854 diceret,
2312 3793 2372 3847 in

1342 3865 1537 3937 quibus
1587 3865 1700 3936 ipse
1753 3862 2050 3936 prodebat,
2095 3887 2241 3924 nunc
2280 3889 2372 3928 eos

1342 3945 1493 4017 sequi
1551 3945 1732 4016 potius
1787 3962 1843 3996 se
1893 3945 2179 4014 profitetur
2203 3990 2220 4014 ,
2276 3953 2370 4023 qui

1341 4025 1480 4078 bella
1521 4024 1578 4075 in
1617 4023 1682 4077 iis
1713 4024 1868 4078 terris
1906 4039 2052 4095 gesta
2091 4046 2372 4085 enarrave-

1340 4104 1467 4166 rim,
1495 4104 1679 4157 Ham).
1995 4149 1998 4154 .
