2950 5017
1037 466 1068 479 “
1240 468 1545 539 LIBER
1594 472 1678 541 V.

2375 480 2514 578 4¹7

387 604 666 689 vocant,
707 600 1184 694 Diarrhytum⁷
1227 626 1268 671 a
1297 604 1549 671 Graecis
1575 603 1863 691 dietum,
1897 621 2173 701 propter
2192 632 2515 705 aquarum

392 706 656 801 irrigua.
725 708 852 777 Cui
913 707 1268 776 finitimum
1329 696 1729 779 Theudalis⁸
1793 712 2087 783 immune
2144 719 2463 811 oppidum
2497 776 2517 809 ‚

391 810 648 905 longius
667 837 706 903 a
727 811 967 883 littore.
999 814 1172 883 Dein
1187 818 1723 907 promontorium
1748 816 2097 911 Apollinis,
2124 824 2281 891 etin
2309 824 2517 897 altero

390 918 574 986 sinu⁹
613 920 809 988 Utica
830 918 879 943 ¹⁰
915 921 1158 987 civium
1191 944 1650 1009 romanorum,
1689 923 2025 993 Catonis¹¹
2065 943 2281 998 morte
2324 935 2516 1003 nobi-

389 1020 509 1092 lis:
551 1023 800 1093 flumen
839 1010 1224 1121 Bagrada¹².
1261 1028 1483 1097 Locus
1498 1012 1580 1116 ¹³,
1628 1030 1863 1121 Castra
1906 1032 2217 1103 Cornelia
2266 1051 2282 1093 :

385 1300 506 1353 pag.
533 1282 633 1335 322
653 1321 669 1347 ,
705 1280 934 1353 ineptam
959 1278 1310 1353 tautologiam
1332 1283 1410 1335 af-

383 1360 538 1433 fingit
558 1359 766 1414 erudito
786 1354 1028 1432 scriptori
1037 1400 1062 1437 ,Ι
1079 1379 1254 1433 quum
1279 1360 1408 1415 scri-

381 1440 546 1511 psisse
588 1452 856 1503 autumat,
885 1438 1068 1511 «quod
1111 1440 1410 1511 Hipponem

381 1519 624 1572 Dirutum
641 1531 850 1583 vocant,
863 1518 1210 1591 Diarrhytum
1223 1538 1256 1571 a
1273 1512 1412 1572 Gras-

381 1596 456 1649 cis
482 1597 702 1652 dictum.
722 1623 746 1644 n
765 1598 895 1657 ,Nec
921 1597 1095 1651 Surita
1121 1596 1326 1651 felicior
1351 1598 1407 1651 in

379 1676 721 1748 conjiciendo
735 1712 752 1737 ‚
769 1694 934 1749 quum
951 1678 1162 1727 Dilatum
1180 1677 1406 1749 reponit.

378 1754 556 1811 Ham).
578 1788 651 1798 —
675 1757 774 1810 Hic
811 1767 890 1810 est
931 1754 1112 1827 Hippo
1141 1753 1364 1829 Zarytus
1386 1797 1403 1825 ,

375 1854 520 1889 nunc
541 1837 700 1908 vulgo
719 1838 926 1897 Bizone,
945 1835 1131 1888 incolis
1149 1842 1406 1905 lien-zm,

377 1928 436 1967 ut
451 1917 525 1967 ait
542 1919 862 1969 n'Asvuu.
893 1915 1156 1967 Describit
1174 1915 1278 1969 hoc
1311 1935 1345 1969 o

373 1994 560 2067 pidum
590 1996 867 2067 eleganter
892 1994 1094 2049 Plinius
1117 1995 1277 2059 alter,
1306 1996 1340 2049 li
1387 2037 1401 2049 .

372 2074 454 2126 IX
478 2116 494 2141 ,
513 2076 664 2147 epist.
695 2075 778 2129 33.
807 2071 910 2127 En.

443 2174 493 2225 7.
513 2158 846 2221 Diarrbymm.
866 2154 1122 2227 Διαρῥυτὸν
1138 2191 1153 2217 ,
1169 2154 1275 2207 hoc
1300 2167 1394 2219 est,

369 2235 654 2307 irriguum,
667 2245 887 2306 propter
913 2232 1107 2305 irrigua
1125 2252 1402 2305 aquarum.

368 2312 626 2367 Paludem
643 2313 1034 2384 Hipponiensem
1046 2312 1295 2365 describit
1307 2314 1404 2366 Pli-

369 2394 490 2447 nius
514 2394 546 2447 J
552 2393 706 2446 unior
723 2430 740 2457 ,
765 2393 856 2446 lib.
876 2392 986 2457 IX,
1021 2392 1168 2462 epist.
1195 2384 1264 2445 ad
1299 2392 1400 2445 Ca-

367 2472 610 2525 ninium:
637 2470 732 2525 ubi
773 2470 993 2543 insignis
1025 2469 1244 2523 historia
1264 2509 1281 2535 ,
1329 2468 1399 2523 de

367 2550 637 2622 Delphina
660 2550 860 2603 incolas
887 2548 992 2601 loci
1018 2546 1175 2600 dorso
1191 2561 1398 2619 gestare

366 2630 537 2683 solito.
567 2630 749 2682 Haut).

439 2710 488 2762 8.
523 2711 804 2761 Theudalis.
829 2704 1056 2762 Θευδοὶλη
1077 2704 1362 2761 Ptolemaeo
1376 2746 1393 2773 ,

361 2787 458 2841 lib.
498 2788 601 2851 IV,
643 2805 764 2857 cap.
809 2786 876 2849 3,
906 2784 962 2837 in
999 2784 1394 2843 meditem-aneis

366 2866 555 2920 Africae
579 2864 790 2937 oppidis
805 2902 822 2927 ,
839 2864 975 2916 inter
992 2864 1288 2917 Tabracam
1317 2866 1394 2917 ci-

363 2947 574 2999 vitatem
596 2986 611 3012 ,
638 2956 692 2997 et
723 2942 1016 3016 Bagradam
1055 2938 1294 2997 fluvium.
1324 2946 1389 2997 In

363 3026 562 3079 Notitia
589 3025 778 3079 Africae
796 3023 1038 3096 proxime
1057 3020 1295 3086 laudata,
1314 3024 1392 3077 in-

361 3118 444 3160 ter
463 3106 742 3178 episcopos
775 3103 1060 3175 provincia
1087 3103 1387 3156 Proconsu-

361 3186 486 3239 laris
499 3224 514 3249 ,
547 3189 718 3238 Victor
737 3185 1031 3239 Eudalensis
1044 3181 1221 3235 :idem
1241 3179 1313 3235 ibi
1325 3202 1390 3236 ac

367 3266 728 3317 Maddensis.
765 3261 1046 3332 Inscriptio
1073 3272 1224 3313 vetus
1244 3260 1388 3333 apud

359 3342 650 3397 Gruterum
667 3382 682 3408 ,
715 3360 832 3413 pag.
860 3342 960 3395 512
975 3378 992 3401 ‚
1038 3343 1384 3393 Teudalemes.

359 3424 422 3475 In
445 3422 636 3475 Collat.
663 3419 908 3489 Carthag.
932 3418 1144 3489 legitur,
1167 3437 1219 3488 p.
1251 3436 1377 3486 109:

361 3502 652 3555 -Urbanus
689 3500 963 3571 episcopus
997 3496 1166 3568 plebis
1200 3494 1381 3551 Theu-

357 3579 642 3634 dalensis.»
671 3577 860 3631 Hum.

429 3677 479 3727 9.
507 3664 572 3710 Iu
596 3661 750 3709 altero
791 3660 916 3707 sinu.
942 3654 1047 3707 Cui
1063 3672 1256 3707 nomen
1275 3692 1292 3716 ,
1318 3666 1378 3708 ut

357 3738 590 3793 diximus
607 3776 624 3801 ‚
644 3755 674 3789 a
702 3735 913 3787 Tuneto
938 3734 1164 3807 oppid0,
1185 3738 1232 3785 Ie
1243 3736 1378 3805 gnffe

355 3822 418 3871 de
449 3819 614 3868 Tanis.
645 3814 831 3868 Hann-

431 3915 515 3951 ιο.
541 3898 698 3947 Utica.
713 3894 870 3946 Nunc
885 3898 1061 3945 Sateor
1072 3890 1281 3945 dicitur.
1296 3896 1376 3945 De

355 3994 416 4028 ea
456 3975 722 4043 eleganter
741 3972 906 4035 Mela,
931 3971 1024 4023 lib.
1063 3972 1118 4029 1,
1153 3976 1269 4043 cap.
1300 3989 1372 4040 7:

355 4054 594 4115 «Urbes,
612 4050 793 4117 Utica,
810 4062 865 4105 et
878 4050 1141 4120 Carthago
1163 4068 1178 4102 :
1200 4051 1371 4103 ambas

353 4130 782 4203 inclytaezambae
807 4148 840 4183 a
872 4128 1212 4183 Phoenicibus
1247 4148 1374 4183 con-

510 4244 604 4307 ΙΙ.

2335 1038 2513 1110 colo·
2549 1074 2577 1106 α

1494 1282 1617 1337 ἀίω
1633 1302 1647 1337 :
1665 1284 1755 1349 illa
1776 1285 1883 1339 fato
1909 1288 2126 1343 Catonis
2148 1291 2391 1365 insignis:
2408 1296 2523 1352 bac

1496 1381 1594 1415 sno
1609 1382 1624 1416 :
1642 1376 1742 1418 etc.
1754 1390 1781 1409 a·
1797 1366 1991 1419 Datum
2005 1387 2166 1440 porro
2184 1371 2523 1431 Uticensibus

1492 1442 1581 1513 jus
1602 1442 1823 1497 civitatis
1848 1446 1918 1498 ab
1940 1446 2164 1501 Octavio
2186 1450 2415 1519 Caesare,
2436 1474 2523 1511 an-

1496 1541 1569 1575 no
1596 1522 1664 1575 U.
1694 1524 1755 1577 C.
1795 1528 1929 1595 ⁴718,
1956 1528 2017 1579 L.
2054 1528 2263 1595 Gellio,
2295 1532 2521 1590 Cocceio

1495 1602 1666 1656 Nerva
1686 1622 1822 1657 coss.
1838 1618 2027 1659 auctor
2039 1621 2117 1662 est
2134 1611 2254 1675 Dio,
2270 1611 2311 1665 l.
2330 1612 2521 1684 XLIX,

1494 1699 1611 1754 pag.
1630 1688 1751 1746 4⁰¹·
1778 1682 1959 1738 Han.

1571 1778 1650 1813 11.
1680 1764 1896 1816 Catonis.
1924 1763 2183 1821 Uticensis
2203 1787 2261 1821 ea
2292 1789 2351 1824 re
2375 1771 2517 1827 dicti.
2622 1766 2629 1771 ⁸

1494 1836 1633 1892 Vide
1662 1840 1878 1895 Florum
1898 1881 1914 1907 ‚
1940 1843 2033 1897 lib.
2056 1847 2157 1910 IV,
2174 1866 2287 1919 cap.
2310 1870 2337 1903 a
2355 1890 2370 1913 ,
2388 1872 2515 1925 pag.

1496 1920 1683 1981 166,et
1704 1918 1971 1975 Plutarch.
1988 1923 2047 1975 in
2066 1924 2267 1996 Catone
2288 1929 2518 2000 Minore,

1488 2014 1611 2068 pag.
1635 2016 1757 2067 79²·
1783 1998 1968 2053 Haan.

1567 2094 1589 2129 1
1601 2095 1627 2127 a
1636 2116 1649 2129 .
1673 2082 1925 2157 Bagarda.
1938 2078 2203 2151 Βαγράδας
2215 2084 2415 2140 Ptolem
2422 2108 2518 2161 ες),

1487 2153 1811 2227 reliquisque
1836 2158 2000 2211 ferme
2017 2162 2399 2233 scriptoribus:
2420 2167 2517 2220 ho·

1488 2227 1575 2285 die
1604 2236 1881 2303 Medjerda.
1912 2237 2018 2290 En.

1498 2358 1501 2361 .
1562 2312 1643 2366 13.
1672 2318 1847 2380 Locru,
1865 2318 2035 2368 Castra
2054 2322 2294 2371 Cornelia.
2314 2321 2513 2388 Locus,

1487 2387 1686 2463 inquit,
1706 2392 1803 2445 ubi
1826 2394 2001 2465 Scipio
2030 2398 2199 2470 Major
2210 2399 2516 2471 Africanus,

1485 2472 1571 2524 cui
1617 2490 1811 2524 nomen
1857 2474 2108 2528 Cornelio
2154 2478 2255 2529 fuit
2280 2519 2296 2544 ,
2346 2499 2515 2553 quum

1483 2550 1715 2603 Africam
1737 2550 1911 2621 petiit,
1926 2552 2154 2623 primum
2178 2566 2399 2611 metatus
2418 2574 2513 2615 est.

1481 2634 1740 2699 Κορνηλίου
1764 2630 2045 2701 παρεμβολὴ
2064 2674 2079 2700 ,
2100 2639 2310 2688 Cornelii
2326 2657 2515 2693 castra·

1482 2712 1710 2775 metatio,
1753 2710 2065 2783 Ptolemaeo,
2111 2714 2202 2765 lib.
2236 2716 2338 2783 lv,
2360 2738 2407 2771 c.
2446 2722 2509 2787 33

1480 2784 1662 2849 Melan
1698 2787 1791 2840 lib.
1814 2790 1843 2840 1
1859 2827 1875 2854 ,
1900 2808 2020 2865 cap.
2040 2809 2097 2861 7,
2122 2796 2293 2845 Castra
2331 2800 2509 2851 Come-

1478 2868 1553 2916 le‘a
1572 2886 1591 2918 s
1618 2868 1941 2932 corneliana,
1978 2866 2170 2923 Caesari
2190 2910 2206 2937 ,
2244 2870 2311 2926 de
2360 2876 2507 2933 Bello

1477 2944 1594 2996 Civ.
1620 2943 1710 2997 lib.
1748 2944 1821 2997 11.
1843 2946 2027 2999 Castra
2051 2948 2291 3004 Cornelia
2312 2952 2509 3011 descri-

1475 3021 1555 3074 bit
1572 3022 1835 3093 eleganter
1855 3024 2127 3089 Lucanus,
2147 3028 2236 3081 lib.
2256 3030 2501 3094 1V‚vers.

1477 3100 1606 3163 585,
1630 3100 1723 3153 ubi
1747 3099 1818 3153 de
1843 3103 2076 3157 Curione
2094 3125 2273 3177 agens,
2295 3110 2349 3163 in
2376 3132 2502 3170 eum

1472 3180 1662 3234 Africa
1690 3180 1865 3233 locum
1887 3182 2204 3253 appellente,
2225 3189 2302 3242 sic
2326 3194 2500 3247 canit:

1471 3258 1650 3313 «Inter
1665 3259 1941 3313 semirutas
1954 3265 2155 3331 magnae⁴
2166 3266 2499 3341 Carthaginis

1469 3356 1640 3399 arces,
1672 3338 1739 3389 Et
1762 3338 2017 3409 Clupeam
2032 3379 2047 3405 ,
2074 3344 2243 3398 tenuit
2260 3350 2496 3404 stationis

1466 3416 1645 3470 littora
1666 3429 1802 3469 notae
1828 3434 1841 3468 ε
1866 3418 2145 3491 Primaque
2164 3438 2329 3478 castra
2353 3428 2496 3484 locat

1467 3514 1603 3548 cano
1619 3494 1803 3567 procul
1822 3514 2033 3567 aequore
2051 3518 2156 3569 qua
2178 3521 2233 3555 se
2252 3504 2491 3577 Bagrada

1463 3574 1639 3627 lentus
1672 3574 1785 3645 agit
1821 3574 1974 3627 sicem
1998 3577 2229 3633 sulcator
2258 3600 2486 3640 arenae..

1463 3654 1532 3707 Et
1552 3672 1698 3715 mox,
1719 3671 1798 3706 vs.
1820 3653 1922 3706 655
1941 3692 1956 3716 ‚
1974 3654 2043 3708 de
2060 3656 2330 3728 Scipione:
2348 3666 2491 3721 «Sed

1465 3726 1667 3804 majdra
1704 3730 1849 3783 dedit
1890 3736 2207 3805 cognomina
2267 3742 2489 3799 collibus

1463 3809 1821 3871 istis‚Poeuum
1845 3813 1939 3883 qui
1960 3808 2118 3867 Latiis
2130 3822 2398 3876 revocavit
2422 3826 2491 3878 ab

1463 3890 1675 3944 arcibus
1700 3889 1907 3944 hostem
1928 3890 2140 3964 Scipio:
2175 3917 2299 3951 nam
2336 3902 2497 3959 sedes

1463 3971 1665 4043 Libyca
1690 3969 1881 4024 tellure
1900 3972 2067 4042 potito
2106 3974 2228 4030 Haec
2252 3980 2387 4033 fuit:
2417 4002 2487 4036 en

1461 4049 1653 4105 veteris
1690 4049 1861 4103 cernis
1909 4051 2121 4123 vestigia
2142 4056 2356 4112 Vana?
2378 4062 2486 4113 Ro-

1465 4147 1621 4181 mana
1648 4128 1747 4180 hos
1786 4129 2021 4199 primum
2059 4134 2231 4187 tenuit
2265 4137 2483 4196 victoria

2128 4268 2219 4339 27
