2950 5017
1124 459 1445 528 LIBER
1499 460 1631 528 VI.

2283 457 2426 532 661

306 591 393 658 ab
406 605 643 660 octava
658 589 743 658 ad
757 613 880 659 xv1
895 613 1095 684 supra
1128 603 1377 660 terram
1402 591 1607 686 aspici
1643 589 2308 687 fatentes.Canopum
2337 591 2438 662 lu-

305 721 459 766 cere
494 697 830 796 noctibuS,
855 695 1039 766 sidus
1068 697 1301 792 ingens
1328 710 1397 766 et
1418 695 1696 766 clarum.
1724 696 1854 766 Sed
1891 697 2172 766 maxime
2192 700 2439 768 mirum

308 804 388 872 iis
428 817 607 890 erat,
647 802 918 872 umbras
956 827 1107 872 suas
1144 805 1213 870 in
1254 817 1558 872 nostrum
1604 801 1838 872 caelum
1886 802 2153 891 cadere,
2187 829 2326 874 non
2366 807 2440 873 in

305 933 501 978 suum
526 935 547 998 ;
581 906 917 1004 solemque
933 895 981 940 ⁴⁸¹
1012 933 1054 977 a
1079 907 1243 978 laeva
1263 908 1460 996 oriri,
1489 923 1557 978 et
1581 911 1650 978 in
1671 899 1721 944 ⁴²
1751 909 2092 978 dexteram
2135 911 2440 981 occidere

304 1017 554 1108 potius,
571 1039 773 1109 quam
790 1039 827 1083 e
846 1014 1127 1084 diverso.
1147 1015 1355 1084 Iidem
1375 1038 1732 1087 narravere
1750 1069 1770 1102 ,
1789 1013 1960 1085 latus
1983 1015 2242 1104 insulae,
2259 1017 2442 1112 quod

305 1119 829 1215 praetenderetur
858 1121 1097 1205 Indiae,
1124 1107 1205 1190 κά

1206 1107 1231 1146 ³
1271 1119 1431 1191 mill.
1461 1121 1628 1190 stad.
1659 1145 1801 1192 esse
1835 1122 1921 1190 ab
1941 1107 1994 1154 ⁴⁴
2031 1123 2286 1192 oriente
2327 1123 2440 1192 hi-

302 1227 535 1297 berno,
600 1226 798 1296 Ultra
814 1212 864 1259 ⁴⁵
912 1241 1171 1297 montes
1216 1225 1544 1315 EmodoS‚
1589 1229 1782 1297 Seras
1830 1253 2095 1323 quoque
2137 1227 2224 1298 ab
2279 1231 2438 1325 ipsis
2473 1238 2508 1292 8

303 1332 542 1426 aspici,
560 1347 755 1402 notos
782 1334 981 1402 etiam
1000 1333 1435 1403 commerceio:
1460 1347 1720 1428 patrem
1737 1333 2008 1404 Rachiae
2033 1359 2440 1406 commeasse

304 1463 425 1507 eo:
453 1437 725 1510 advenis
758 1424 945 1508 sibi⁴⁶

304 1633 368 1676 ut
400 1621 558 1694 plane
591 1621 793 1674 mirum
832 1620 1003 1676 videri
1035 1620 1258 1688 debeat,
1284 1621 1329 1674 si

304 1699 363 1754 id
400 1700 615 1754 vetustis
650 1700 927 1772 astrologis
954 1701 1331 1772 Taprobanitae

302 1779 465 1851 legati
504 1779 861 1852 persuaserint
898 1797 913 1833 ε
941 1782 1006 1834 iis
1034 1780 1181 1834 enim
1203 1798 1327 1852 per-

304 1857 433 1912 inde
458 1878 519 1912 ac
556 1860 713 1914 nobis
734 1898 750 1925 ,
774 1861 931 1913 tertio
958 1872 1084 1931 post
1106 1860 1327 1914 novilu-

306 1939 457 1992 nium
481 1937 600 2000 die,
629 1958 691 1992 ac
706 1939 907 1992 ceteris
932 1939 1181 2012 deinceps
1200 1940 1329 1992 luna

304 2031 540 2090 apparet.
573 2018 755 2072 Hum-

390 2103 483 2161 4¹·
523 2097 777 2170 Solemque
810 2117 845 2150 a
872 2098 1013 2152 Iam.
1050 2099 1327 2170 Taproba-

304 2178 551 2231 nensium
588 2177 786 2232 scilicet
823 2177 1009 2231 vertici
1040 2178 1151 2242 sol,
1181 2176 1329 2230 haud

306 2256 481 2310 multo
505 2271 627 2328 post
662 2255 968 2328 aequinoctii
997 2269 1207 2326 tempus
1242 2258 1327 2310 in-

304 2336 550 2390 cumbit:
597 2335 725 2390 inde
764 2335 931 2389 flectit
967 2355 1023 2390 se
1072 2334 1216 2389 idem
1254 2335 1327 2390 ad

304 2416 743 2491 septemtriones,
786 2415 1164 2487 tropicumque
1189 2415 1329 2470 can-

306 2495 387 2550 cri
409 2512 424 2549 ε
454 2512 581 2548 mox
616 2513 833 2549 rursum
856 2493 925 2548 ad
947 2498 1295 2566 AEquatorem
1308 2535 1324 2558 ,

304 2573 451 2628 unde
475 2572 784 2640 deflexerat,
812 2573 1145 2644 regi-editum
1170 2588 1329 2647 atque

304 2654 419 2708 hoc
434 2653 617 2708 omnia
636 2655 775 2708 senis
784 2654 1053 2707 mensibus
1065 2673 1331 2726 peragun-

307 2746 414 2787 tur.
443 2735 631 2806 Inque
662 2751 763 2805 per
796 2751 887 2786 eos
910 2751 1116 2787 menses
1144 2734 1213 2787 ad
1243 2753 1330 2787 so-

306 2814 411 2866 lem
466 2811 825 2866 meridianum
870 2814 1097 2866 obverso
1136 2814 1285 2866 vultu
1308 2853 1324 2877 ‚

302 2892 439 2946 oriri
472 2912 501 2946 a
533 2891 721 2946 dextra
756 2889 956 2959 vident,
982 2913 1013 2946 a
1030 2893 1162 2966 lma
1186 2893 1329 2946 occi·

302 2971 432 3025 dere
487 2991 502 3024 :
570 2973 970 3042 contrariasque
1016 2973 1091 3025 ob
1150 2991 1330 3026 causas

304 3051 446 3104 senis
468 3048 659 3120 itidem
676 3051 788 3104 fere
802 3051 1094 3117 mensibus,
1108 3054 1329 3105 olivet-sa

302 3131 360 3183 in
383 3119 622 3184 austrum
643 3129 794 3195 facie,
810 3149 843 3182 e
862 3129 1091 3190 diverso,
1120 3133 1198 3185 uti
1228 3149 1329 3184 no-

301 3210 389 3264 his
430 3209 724 3280 contingit,
750 3211 1061 3281 ceterisque
1100 3211 1231 3265 citra
1261 3211 1329 3264 li-

298 3307 481 3354 neum,
502 3301 563 3343 ut
585 3290 737 3342 aiunt
755 3329 773 3357 ,
791 3289 1211 3362 nquinoctislem
1231 3309 1329 3362 po·

300 3369 437 3422 sitis.
466 3370 651 3422 Hann.

385 3455 479 3512 4²·
506 3449 569 3500 In
592 3447 854 3503 dexteram.
877 3449 1003 3502 Vct.
1030 3467 1119 3522 ap.
1140 3449 1324 3504 Dalec.

300 3527 520 3580 desum.
542 3529 649 3580 En.

382 3607 477 3671 43.
514 3607 581 3659 Χ
609 3607 729 3662 mitt.
754 3607 885 3661 stad.
913 3608 1048 3673 Quae
1076 3627 1327 3680 passuum

299 3687 543 3740 efficiunt
580 3685 867 3740 duodecies
910 3700 1129 3742 centena
1168 3689 1326 3760 quin·

300 3766 557 3838 quaginta
585 3766 768 3819 millia.
791 3767 975 3821 Heni).

382 3852 477 3910 44.
504 3844 591 3899 Ab
608 3850 789 3898 orae'ente
800 3847 1013 3902 hiberno.
1036 3847 1205 3901 Indioe
1218 3848 1325 3900 Ta-

298 3927 543 4057 prgpsne
558 3924 907 4058 pnaetgnditur
918 3966 935 3992 ,
948 3929 1325 4060 quatpartehsol

328 4025 363 4057 n
424 4023 451 4057 s
502 4023 635 4058 orn-t
718 4024 852 4059 neme
898 4024 1044 4059 cerm
1070 4025 1171 4061 ur:
1252 4023 1328 4061 aec

300 4083 473 4138 India
502 4085 643 4138 latus
657 4085 893 4140 olwertit
914 4084 1106 4153 insula,
1140 4086 1327 4141 decem

986 1441 1180 1509 Seras
1214 1463 1586 1510 occursare.
1621 1443 1812 1534 Ipsos

1829 1427 1880 1480 ⁴⁷
1917 1465 2078 1510 vero
2121 1441 2440 1511 excedere

1414 1621 1564 1675 mille
1586 1622 1876 1676 stadiorum
1899 1621 2237 1693 longitudine
2253 1641 2443 1695 porre-

1415 1711 1580 1756 ctum.
1619 1703 1802 1756 Dnlec.
1829 1700 1922 1754 dat
1949 1702 2012 1752 ab
2042 1704 2224 1754 oriente
2247 1701 2444 1754 hiberno

1414 1781 1545 1832 ultra
1565 1795 1744 1834 montes
1771 1781 2002 1834 Emodus.
2032 1781 2140 1833 Alii
2165 1779 2327 1834 hodie
2347 1781 2440 1834 Su-

1414 1872 1574 1912 matra
1590 1900 1607 1926 ,
1637 1861 1729 1914 ulii
1752 1861 1955 1932 Ceylan.
1980 1860 2163 1914 Ham).
2185 1873 2238 1914 et
2264 1863 2369 1914 En.

1496 1939 1590 2003 45.
1623 1941 1768 1994 Ultra
1801 1951 1980 1993 montes
2010 1939 2244 1993 Emodos.
2271 1941 2438 1994 Com·

1412 2018 1713 2074 meantibus
1762 2020 1902 2074 ultra
1951 2031 2158 2072 montes
2197 2019 2439 2073 Emodos

1412 2099 1819 2169 Taprobanitis,
1857 2100 1926 2151 ab
1977 2098 2044 2151 iis
2081 2097 2246 2169 aspici
2287 2100 2441 2153 Seras

1414 2197 1661 2251 quoque,
1693 2178 1785 2250 qui
1813 2191 2130 2232 ceterorum
2155 2177 2440 2232 hominum

1412 2257 1682 2330 colloquia
1709 2271 2156 2328 conspectumque
2181 2257 2440 2329 fugerent.

1412 2349 1474 2390 ut
1500 2337 1700 2392 dictum
1723 2349 1802 2391 est
1826 2355 1942 2409 cap.
1978 2357 2078 2402 so,
2117 2337 2252 2407 quin
2279 2337 2441 2390 etiam

1412 2417 1556 2470 inter
1581 2435 1672 2470 eos
1688 2436 1800 2470 esse
1823 2416 2156 2471 commercia.
2171 2415 2440 2474 Han-—

1382 2521 1393 2535 =
1412 2495 1532 2550 Hoc
1557 2497 1629 2550 ita
1652 2497 1865 2552 Solinus
1886 2495 2123 2567 accepit,
2151 2513 2268 2567 cap.
2295 2514 2403 2549 nm
2419 2535 2437 2558 ,

1411 2594 1533 2647 pag.
1580 2578 1686 2642 84,
1737 2587 1802 2630 ut
1844 2575 2154 2628 existimarit
2196 2575 2440 2628 Sericum

1412 2655 1554 2708 latus
1600 2663 1642 2710 e'
1679 2655 2161 2725 Taprobanitarum
2212 2654 2440 2708 collibus

1414 2736 1669 2806 prospici.
1700 2761 1724 2783 ι
1751 2735 1993 2789 Cernunt
2011 2775 2028 2799 ‚
2058 2733 2269 2805 inquit,
2297 2733 2441 2786 latus

1415 2812 1658 2868 Sericum
1701 2812 1770 2868 de
1811 2814 2078 2866 montium
2111 2832 2328 2866 suorum
2353 2814 2441 2884 ju-

1412 2893 1513 2964 gis.
1549 2919 1574 2942 ιι
1611 2893 1816 2965 Insigni
1841 2893 2122 2946 oculorum
2145 2893 2256 2945 scie
2279 2893 2442 2952 fuisse

1414 2991 1629 3026 necesse
1651 2985 1744 3036 est,
1767 2973 1860 3043 qui
1889 2991 2002 3026 non
2030 2969 2202 3024 Indiss
2222 2973 2379 3039 Istus,
2409 2990 2440 3024 a

1414 3070 1526 3129 quo
1552 3064 1751 3126 septem
1770 3051 1982 3106 dierum
1995 3051 2329 3123 navigatione
2355 3050 2440 3105 di·

1414 3145 1639 3196 starent,
1663 3129 1756 3185 sed
1783 3145 1839 3186 et
1873 3132 2013 3185 ultra
2039 3130 2238 3201 Gangis
2259 3143 2436 3193 ortus,

1413 3224 1726 3283 montesque
1748 3209 1986 3265 Emodos
2001 3251 2017 3275 ‚
2047 3211 2199 3264 Seras
2225 3211 2438 3283 prospi-

1413 3305 1614 3346 cerent.
1645 3291 1827 3344 Hsnn.

1499 3375 1591 3436 46.
1649 3370 1756 3424 Sibe·
1807 3370 1952 3424 Seras
2007 3385 2274 3422 occursare.
2328 3367 2440 3433 Qui

1410 3451 1646 3522 reliquos
1679 3447 1910 3504 advenas
1951 3459 2335 3512 aversarentur,
2380 3467 2441 3501 ac
2513 3469 2524 3482 ·

1410 3530 1731 3602 refugerent.
1765 3529 1921 3582 Prius
1947 3528 2245 3598 legebatur,
2271 3525 2340 3578 iba·
2357 3529 2442 3594 se-

1412 3629 1496 3662 ras
1525 3626 1788 3663 occursare.
1808 3609 1932 3662 Vet.
1967 3605 2110 3678 apud
2140 3605 2324 3660 Dalec.
2369 3608 2440 3659 iba·

1400 3693 1542 3758 seras
1559 3709 1825 3743 occursare.
1852 3688 1959 3742 En.

1497 3775 1590 3840 47.
1623 3771 1756 3840 Ipsos
1779 3787 1916 3820 vero.
1956 3767 2108 3820 Seras
2131 3765 2394 3818 nimirum
2421 3785 2435 3816 :

1413 3849 1513 3902 etsi
1531 3848 1844 3912 Martianus,
1865 3845 2064 3909 lih.²v1‚
2086 3865 2134 3898 c.
2161 3842 2230 3898 de
2251 3842 2404 3897 India
2421 3885 2437 3908 ,

1412 3947 1534 4000 pag.
1554 3936 1688 3993 ηις,
1711 3939 1764 3980 et
1792 3927 2038 3990 Solinus,
2065 3943 2182 3995 cap.
2218 3941 2326 3977 mn
2343 3963 2360 3990 ,
2381 3943 2439 3995 p.

1418 4009 1524 4074 84,
1561 4007 1630 4061 de
1672 4004 2176 4079 Taprobanensibus
2203 4003 2322 4058 haec
2353 4002 2440 4056 in-

1414 4089 1653 4142 consulte
1683 4097 2024 4158 acceperunt.
2051 4085 2234 4138 Hssn.

2036 4176 2176 4278 42³
