2950 5017
642 442 785 523 124

1164 442 1241 510 C.
1298 442 1642 511 PLINII
1697 441 1922 510 NAT.
1975 439 2234 507 HIST.

562 580 594 635 3
632 568 875 637 vium¹⁹
914 596 1377 659 romanorum,
1408 575 1524 667 qui
1561 572 1944 642 Mamertini
1997 583 2344 639 vocantur.
2375 570 2780 663 Promonto-

630 678 805 745 rium
841 679 1233 771 Drepanum
1249 676 1300 703 ²⁰

630 782 858 851 Naxos
875 780 922 821 ²·'
940 837 961 869 ‚
1003 784 1253 853 flumen
1289 785 1522 855 Asines
1543 771 1594 811 ²³

702 964 786 1013 19.
814 950 995 999 Chium
1021 954 1160 1003 Rom.
1199 951 1327 1002 Jure
1366 950 1592 1004 civitatis
1622 970 1650 1003 a

626 1037 810 1077 senatu
840 1025 1114 1079 donatum.
1152 1033 1377 1081 Μυσίης.
1416 1030 1651 1092 Incolis,

628 1108 849 1166 Messian
866 1108 981 1157 σιέεὰ
1002 1110 1177 1159 nobile.
1191 1108 1413 1161 Nummi
1432 1108 1654 1163 Veteres

628 1184 728 1234 sub
753 1189 997 1255 Augusto
1020 1186 1171 1250 cusi,
1204 1204 1534 1257 messanen,
1571 1188 1651 1242 la·

624 1260 750 1315 tinia
790 1264 975 1336 scripti
1016 1264 1439 1328 characteribus,
1494 1279 1550 1319 nt
1594 1286 1652 1320 se

622 1341 765 1401 cives
798 1361 1047 1397 romanos
1072 1343 1263 1397 incolae
1290 1356 1648 1413 testarentur;

622 1440 788 1492 seque
810 1441 840 1475 a
864 1422 1141 1483 Messeniis
1162 1424 1513 1495 Peloponnesi
1541 1424 1652 1477 dis-

622 1500 979 1559 criminarent.
992 1502 1286 1567 Cuniculus
1298 1503 1357 1555 in
1370 1522 1433 1556 ea
1442 1504 1650 1557 nummi

622 1591 775 1651 parte
815 1581 1085 1651 sculptus,
1126 1582 1490 1637 cuniculos-‘nn
1531 1602 1650 1637 eam

623 1656 813 1725 fuisse,
863 1659 948 1713 vel
1002 1678 1115 1715 esse
1152 1662 1422 1731 regionem
1476 1660 1650 1721 docet.

625 1736 747 1803 Fuit
780 1738 870 1791 hic
892 1758 1146 1793 nummus
1182 1753 1465 1811 argenteus
1501 1740 1652 1813 apud

625 1819 691 1870 D.
718 1834 793 1869 nn
812 1818 971 1871 Bozn.
992 1817 1173 1871 Han.

702 1915 786 1950 ιο.
834 1904 1133 1966 Drepanum.
1190 1898 1347 1951 Nunc
1361 1937 1378 1960 ,
1430 1908 1491 1951 ut
1534 1898 1651 1951 vult

626 1974 934 2033 Harduinus
951 2014 967 2041 ,
998 1989 1051 2031 et
1077 1978 1364 2036 confirmat
1398 1979 1651 2043 Manner·

626 2065 740 2120 tus,
773 2076 899 2123 capo
932 2060 989 2109 di
1018 2064 1067 2110 S.
1115 2060 1304 2110 Alesse'o
1347 2076 1379 2110 a
1403 2056 1650 2129 proximo

624 2133 676 2186 S.
720 2134 885 2187 Alexii
935 2136 1167 2190 castello.
1216 2138 1333 2190 Non
1384 2154 1542 2193 vern.
1591 2147 1650 2188 ut

624 2210 936 2267 Harduinus
960 2214 1132 2277 addit,
1152 2214 1289 2267 idem
1311 2214 1455 2285 quod
1481 2214 1651 2267 Ptole·

624 2308 761 2345 maeo
786 2282 1017 2365 Ᾰργιννον
1035 2296 1233 2361 „dapem
1263 2292 1449 2359 hodie,
1487 2308 1546 2345 ut
1575 2295 1650 2347 ait

623 2370 1093 2441 Mannertus,0apo
1109 2378 1287 2423 Grosso
1306 2372 1525 2427 dictum.
1545 2373 1646 2438 En.

699 2468 781 2503 π.
827 2452 1030 2503 Colonia
1062 2454 1453 2503 Tauromenium.
1491 2452 1648 2504 Nunc

628 2533 897 2587 Tam-mini.
940 2532 1027 2583 Ibi
1073 2529 1253 2585 adhuc
1298 2530 1481 2583 visitur
1515 2532 1649 2583 anti·

621 2627 787 2680 quum
811 2614 929 2684 ejus
952 2611 1217 2665 theatrum
1233 2650 1249 2675 ,
1270 2612 1448 2683 inquo
1463 2629 1646 2679 scena,

623 2707 743 2760 quae
776 2690 835 2741 in
863 2691 1067 2745 ceteris
1083 2690 1334 2743 omnibus
1356 2690 1506 2743 deest
1521 2728 1538 2755 ‚
1560 2708 1649 2743 ex-

620 2780 726 2820 stat
762 2768 987 2841 integra.
1023 2769 1160 2823 Inde
1186 2782 1335 2841 patet
1365 2788 1527 2841 quarn
1555 2788 1648 2822 cu·

618 2845 818 2909 riosum
845 2848 911 2900 sit
928 2848 1091 2919 hujus
1112 2849 1437 2920 antiquitatis
1458 2867 1646 2901 monu-

617 2939 879 2979 mentum.
902 2927 1072 2979 Βιοτ.

693 3022 779 3057 aa.
808 3012 975 3057 Antea
1000 3010 1203 3063 Naxos.
1230 3006 1395 3060 Solin.
1436 3026 1554 3080 cap.
1581 3028 1644 3075 v,

616 3100 737 3155 pag.
765 3102 842 3151 19.
863 3084 1031 3136 Etiam
1054 3084 1357 3138 Antoninus
1378 3086 1435 3137 in
1458 3087 1642 3139 Itiner-

616 3162 692 3213 Ta
703 3164 1036 3216 uromenium
1050 3164 1236 3217 Naxon
1252 3177 1425 3217 vocat.
1439 3167 1642 3236 Nempe

614 3242 761 3295 Naxo
779 3242 975 3308 excisa,
1001 3243 1419 3295 Tauromenium
1439 3264 1642 3299 succes·

614 3320 705 3383 sit,
729 3342 837 3393 quo
860 3321 1075 3375 deducti
1102 3333 1224 3373 sunt
1251 3322 1437 3389 mxii,
1467 3334 1527 3375 ut
1547 3342 1642 3377 au-

614 3415 731 3454 ctor
752 3414 827 3455 est
858 3401 1015 3455 Diod.
1052 3402 1159 3456 sic.
1188 3397 1323 3454 Bibl.
1347 3402 1443 3457 lib.
1473 3404 1636 3472 XIV,

613 3499 733 3551 pag.
769 3482 898 3547 282,
936 3493 987 3534 et
1024 3480 1118 3533 lib.
1148 3480 1315 3543 XVI,
1354 3500 1471 3553 pag.
1509 3487 1632 3545 411.

614 3558 813 3613 Grecis
840 3562 1169 3630 Ταυρομένιον,
1198 3561 1463 3613 Nummus
1488 3560 1635 3615 Gre-

609 3656 703 3691 cus
724 3658 755 3690 e
773 3640 960 3691 Museo
980 3650 1159 3693 nostro
1182 3639 1487 3708 parisiensi,
1505 3658 1635 3694 ru·-

610 3735 941 3771 ronuta-u.
964 3718 1144 3771 Hann.

682 3798 770 3849 23.
812 3800 1004 3849 Asines.
1048 3797 1272 3851 Fluvius
1311 3798 1428 3861 ille,
1466 3816 1628 3871 quem

604 3874 1026 3929 Tauromenium
1044 3876 1183 3929 inter
1208 3888 1259 3929 et
1284 3880 1500 3931 AEtnam
1527 3898 1629 3951 po·

604 3954 683 4005 nit
716 3954 931 4019 Noster,
958 3954 1097 4008 idem
1134 3974 1248 4009 esse
1280 3957 1509 4023 videtur,
1531 3960 1626 4031 qui

1631 801 1646 845 τ
1679 810 1872 854 mons
1895 784 2092 851 AEtna
2109 781 2128 807 ²

1349 703 1365 745 ε
1412 677 1672 749 colonia
1705 678 2223 747 Tauromenium
2242 672 2328 759 ²⁸,
2368 700 2520 770 quae
2579 691 2778 744 antea

2133 769 2160 813 ⁴
2189 782 2536 851 nocturnis
2565 785 2776 852 mirus

1740 961 1986 1015 vocatur3
2011 947 2115 1001 nisi
2139 959 2314 999 tamen
2352 946 2511 998 illum
2541 946 2776 1000 confun-

1739 1026 1829 1080 dat
1851 1028 2041 1080 Noster
2069 1045 2192 1079 cum
2215 1024 2442 1078 flumine
2467 1025 2574 1077 Aci
2589 1062 2604 1085 ‚
2627 1024 2774 1098 quod

1739 1114 1944 1161 Catane
1981 1106 2150 1159 multo
2189 1105 2418 1158 vicinius
2455 1105 2584 1157 fuit.
2621 1106 2777 1158 Certe

1738 1187 1894 1258 longe
1911 1186 2041 1239 alius
2059 1183 2250 1237 fluvius
2264 1183 2356 1236 hio
2367 1184 2560 1236 Asines
2579 1202 2648 1237 ac
2665 1184 2772 1251 ille,

1736 1284 1898 1337 quem
1923 1255 2150 1335 Ᾰσίναρον
2168 1265 2386 1333 ποταμὸν
2405 1278 2612 1315 vocant
2628 1264 2776 1316 Thn-

1735 1343 1857 1417 cyd.
1879 1344 1968 1397 lib.
1995 1344 2134 1405 v11,
2151 1361 2271 1414 pag.
2307 1342 2435 1405 554,
2460 1355 2521 1394 et
2547 1342 2692 1395 Plut.
2719 1341 2771 1393 in

1737 1424 1885 1476 Nicia
1905 1462 1921 1490 ‚
1959 1442 2076 1494 pag.
2107 1422 2205 1483 541
2226 1459 2243 1481 ,
2281 1433 2334 1475 et
2361 1438 2610 1492 quocum
2637 1422 2774 1475 male

1734 1501 2087 1558 confunditur
2099 1502 2168 1552 ab
2186 1497 2497 1551 Harduino:
2523 1499 2618 1551 hic
2635 1499 2774 1553 enim

1733 1580 1986 1634 Asinarus
2044 1578 2245 1645 flumen
2292 1576 2456 1631 hodie
2503 1582 2677 1648 ficem
2721 1580 2775 1631 ὅ

1735 1666 1868 1713 Noto
1885 1674 1988 1725 est,
2015 1658 2164 1712 haud
2181 1658 2338 1729 longe
2361 1657 2431 1709 ab
2447 1659 2594 1711 urbe
2612 1662 2771 1723 Noto,

1735 1752 1952 1796 auctore
1979 1741 2279 1791 Manuerto.
2305 1738 2407 1789 En.

1781 1837 1784 1845 ·
1810 1826 1892 1883 ²4·
1924 1823 2094 1871 AEtna.
2119 1822 2265 1869 Mont
2299 1818 2453 1868 Gibel.
2481 1816 2679 1869 Ham).
2699 1846 2768 1856 --

1735 1897 1816 1952 Cl.
1839 1898 2130 1965 Hammon·
2153 1895 2240 1949 die
2278 1898 2344 1948 26
2373 1896 2582 1947 mensis
2593 1893 2734 1967 junii
2749 1931 2768 1959 ,

1733 1996 1874 2031 anno
1935 1981 2070 2047 1769
2091 2016 2106 2040 ,
2145 1978 2364 2029 AEtnam
2413 1975 2731 2029 conscendit
2753 2012 2770 2039 ,

1734 2068 1990 2111 craterem
2031 2058 2144 2129 ejus
2181 2054 2464 2127 diligenter
2504 2056 2732 2127 inspexit
2749 2092 2768 2119 ,

1732 2138 1952 2209 ejusque
1977 2136 2239 2189 ambitum
2257 2136 2542 2188 estimavit
2557 2154 2768 2208 quoque

1733 2216 1948 2283 duobus
1975 2215 2212 2269 millibus
2247 2226 2299 2267 et
2317 2214 2633 2285 quingentis
2655 2232 2768 2286 pas·

1733 2294 1898 2349 sibus.
1911 2294 2024 2347 Con
2033 2312 2092 2347 us
2113 2305 2187 2345 est
2207 2311 2477 2349 concavus
2499 2294 2764 2355 inversus,

1731 2375 1875 2427 intus
1921 2386 2101 2426 crusta
2153 2372 2322 2425 salina
2365 2383 2418 2424 et
2467 2373 2765 2440 sulphurea

1731 2454 1984 2517 vestitus,
2017 2453 2112 2525 qui
2159 2452 2354 2507 sensim
2382 2450 2677 2513 decrescit,
2713 2462 2762 2505 et

1732 2532 1902 2586 ferme
1923 2533 1976 2583 in
2013 2544 2272 2603 punctum
2300 2530 2518 2585 desinit.
2551 2530 2768 2584 Audivit

1731 2630 1762 2665 a
1781 2612 1863 2665 Cl.
1887 2614 2146 2671 Baiano,
2171 2610 2265 2682 qui
2292 2614 2466 2663 AEtnre
2487 2610 2762 2664 historiam

1731 2691 2024 2755 scribebat,
2059 2690 2258 2743 montis
2285 2687 2630 2742 altitudinem
2667 2707 2761 2761 per

1729 2769 2076 2841 pendiculum
2094 2786 2205 2822 esse
2232 2768 2392 2820 trium
2413 2767 2650 2821 minium
2666 2770 2760 2821 lta-

1727 2848 1977 2906 licor-um.
1998 2849 2099 2901 Die
2113 2848 2208 2900 illa
2229 2850 2294 2901 26
2314 2847 2458 2920 junii
2475 2848 2536 2901 in
2553 2866 2758 2901 summo

1727 2939 1934 2981 cratere
1981 2928 2343 2980 barometrum
2375 2928 2598 2980 notabat
2641 2946 2758 2999 gra·

1729 3006 1830 3061 dus
1867 3010 1964 3071 18,
1997 3005 2160 3059 lineas
2195 3024 2282 3071 ¹03
2321 3006 2378 3058 in
2429 3006 2544 3059 imo
2583 3016 2756 3059 monte

1727 3083 1923 3157 gradus
1960 3103 2054 3154 27,
2093 3085 2261 3141 lineas
2301 3090 2354 3147 4.
2393 3084 2752 3139 Thea-mome-

1727 3176 1872 3219 trum
1901 3184 2029 3217 vero
2048 3202 2064 3227 ,
2092 3164 2147 3216 in
2175 3182 2382 3216 summo
2405 3178 2620 3219 cratere
2639 3182 2752 3236 gra·

1727 3242 1826 3297 dus
1851 3249 1951 3306 26,
1971 3243 2028 3296 in
2053 3244 2164 3296 imo
2197 3258 2384 3297 monte
2417 3244 2624 3315 gradus
2668 3250 2749 3309 ²4.

1728 3322 1881 3375 Vidit
1911 3324 1984 3375 ibi
2010 3336 2186 3377 ortum
2223 3324 2347 3376 solis
2374 3335 2425 3376 et
2454 3323 2749 3394 patentissi-

1725 3422 1874 3456 inum
1899 3417 2257 3476 prospectum.
2292 3402 2445 3456 Vidit
2463 3404 2748 3459 maximam

1722 3496 1925 3554 partem
1966 3484 2222 3537 Calabriae
2236 3522 2252 3547 ,
2310 3495 2478 3536 totam
2528 3483 2750 3537 insulam

1721 3562 1941 3628 Siciliae,
1965 3562 2167 3615 insulas
2198 3564 2365 3631 lipari
2391 3574 2446 3615 et
2463 3564 2744 3627 Smmboli,

1721 3640 1844 3693 licet
1883 3642 2110 3713 amplius
2145 3641 2475 3714 septuaginta
2513 3642 2744 3695 millibus

1717 3718 1933 3775 distent.
1999 3723 2064 3772 In
2121 3721 2514 3773 accuratissima
2571 3718 2746 3773 tabula

1717 3800 2070 3872 geographica
2131 3799 2406 3855 dimensus
2465 3800 2700 3871 spatium
2723 3834 2740 3861 ‚

1715 3878 1861 3950 quod
1886 3880 1994 3932 suis
2018 3878 2189 3932 oculis
2207 3890 2322 3933 tum
2341 3878 2738 3937 obversabatur,

1715 3960 1918 4030 reperit
1945 3959 2105 4023 hujus
2143 3970 2452 4029 prospectus
2480 3958 2738 4011 ambitum

602 4032 673 4085 :ab
694 4032 810 4088 aliis
840 4034 1081 4088 Ouobala
1098 4074 1114 4101 ,
1149 4034 1313 4089 hodie
1350 4040 1627 4091 Alcaneara
1711 4050 2230 4111 essenongentorum
2239 4037 2466 4091 millium
2476 4052 2742 4110 passuum,
