2950 5017
1013 484 1335 553 LIBER
1386 484 1471 590 Y.
2156 487 2301 570 401

213 615 306 685 via
334 613 612 711 impleri,
651 614 966 683 tibiarum
1007 638 1086 684 ac
1125 612 1362 684 fistulae
1425 627 1660 701 cantu,
1710 627 2315 711 tympanorumque

211 736 268 789 et
303 720 740 816 cymbalorum
790 723 1012 791 sonitu
1072 735 1387 816 strepere.
1433 723 1595 789 Haec
1640 720 1955 790 celebrati
2006 736 2313 793 auctores

211 828 562 921 prodidere,
595 841 840 923 praeter
874 826 1148 896 Herculi
1181 841 1250 895 et
1291 811 1595 896 Perseo⁴⁶
1638 824 1938 897 laborata
1990 828 2100 897 ibi.
2151 830 2310 925 Spa·

209 935 352 1003 tium
387 934 470 1003 ad
507 960 658 1005 eum
701 935 1100 1003 immensum
1141 934 1629 1027 incertumque.

296 1042 496 1110 Fuere
525 1054 596 1110 et
629 1026 1038 1109 Hannonis⁴⁷
1073 1039 1723 1133 Carthaginiensium
1755 1038 1941 1109 ducis
1972 1064 2307 1109 commen·
2344 1070 2378 1125 7

211 1147 362 1233 tarii,
399 1146 658 1217 Punicis
687 1146 888 1215 rebus
913 1146 1389 1215 florentissimis
1411 1143 1756 1239 explorare
1780 1144 2101 1215 ambitum
2136 1147 2312 1216 Afri-

209 1276 288 1321 ω
321 1253 530 1344 jussi:
568 1277 771 1389 quem
823 1253 1084 1346 sequuti
1121 1250 1417 1347 plerique
1449 1274 1487 1319 e
1517 1252 1770 1320 Graecis
1800 1253 2209 1387 nostrisque,
2247 1268 2317 1323 et

209 1355 315 1426 alia
351 1344 668 1453 quidem⁴⁸
702 1356 1044 1446 fabulosa,
1079 1371 1149 1427 et
1182 1357 1384 1426 urbes
1415 1354 1657 1425 multas
1699 1356 1784 1425 ab
1830 1344 1947 1425 eo⁴
1948 1356 2314 1428 ⁹conditas

209 1461 285 1531 ibi
311 1464 648 1559 prodidere
672 1517 694 1553 ,
729 1488 1014 1558 quarum
1051 1488 1176 1533 nec
1215 1464 1537 1533 memoria
1576 1461 1757 1551 ulla,
1798 1486 1923 1531 nec
1958 1464 2313 1559 vestigium

212 1583 410 1638 exstat.

294 1677 582 1767 Scipione
643 1675 997 1746 AEmiliano
1054 1700 1164 1745 res
1213 1677 1286 1745 in
1345 1674 1570 1755 Africa
1623 1689 1893 1770 gerente
1917 1729 1937 1762 ,
2004 1675 2314 1771 Polybius
2351 1691 2385 1743 8

211 1780 522 1851 Annalium
559 1782 903 1871 conditor,
944 1783 1029 1852 ab
1060 1808 1143 1853 eo
1172 1796 1448 1877 accepta
1484 1779 1725 1867 classe,
1772 1783 2111 1852 scrutandi
2143 1782 2316 1854 illius

211 1887 366 1957 orbis
397 1889 606 1982 gratia
654 1890 1182 1976 circumvectus,
1221 1887 1517 1983 prodidit
1544 1912 1585 1955 a
1612 1902 1842 1957 monte
1872 1913 1951 1957 eo
1988 1889 2073 1957 ad
2110 1915 2313 1960 occa-

213 2016 334 2061 sum
367 2018 630 2081 versus,
675 1994 882 2064 saltus
923 1993 1158 2090 plenos
1168 1994 1384 2125 25feris,
1415 2018 1580 2088 quas
1618 2008 1892 2087 generat
1925 1995 2185 2083 Africa,
2230 1996 2317 2081 ad

212 2097 424 2168 flumen
455 2102 704 2170 Anatin
737 2086 1194 2171 ccchxxxv⁵
1195 2099 1340 2171 ⁰.ss
1363 2122 1535 2195 pass,
1559 2099 1663 2169 Ab
1692 2124 1771 2169 eo
1801 2102 2043 2170 Lixum
2072 2124 2207 2172 ccv
2232 2126 2313 2172 Μ.

213 2278 420 2329 nonnihil
458 2278 700 2331 veritatis
737 2278 796 2331 in
850 2277 1046 2331 fabulis
1081 2279 1198 2349 ple·

215 2372 403 2426 m-qne
433 2358 624 2422 lateat,
671 2358 718 2410 si
761 2358 882 2429 quis
911 2357 1199 2412 attenderit

1283 2296 1357 2329 no
1395 2276 1510 2348 ipse
1552 2276 1831 2341 meminit,
1884 2276 2061 2331 atatim
2113 2278 2315 2351 Peripli

1282 2356 1439 2411 initio
1455 2395 1474 2421 ,
1502 2357 1587 2427 cuj
1593 2374 1655 2409 us
1672 2358 2031 2428 fragmentum
2044 2356 2313 2430 hodieque

209 2434 518 2504 ingeillornm
537 2436 806 2491 montium
818 2436 1045 2490 insideri
1064 2437 1198 2490 vicis

213 2510 472 2582 hominum,
497 2516 594 2588 qui
611 2516 820 2589 Cabyles
839 2518 1194 2588 appellantur,

214 2590 332 2646 haud
347 2595 533 2649 mirum
559 2595 828 2649 videbitur
840 2610 1082 2650 montem
1098 2615 1196 2649 no-

213 2672 356 2725 uibus
409 2676 648 2729 micuisse
699 2675 900 2728 crebris
945 2676 1192 2747 ignibus,

216 2750 387 2806 auditos
409 2755 562 2809 fuisse
587 2754 724 2807 lotis
749 2754 998 2825 festisque
1022 2755 1196 2808 nocti-

215 2826 296 2883 bus
323 2844 685 2905 tympanorum
723 2848 779 2887 et
820 2834 1194 2905 cymbalorum

218 2910 408 2977 waima,
438 2914 664 2967 maxime
689 2932 858 2984 quum
898 2915 970 2965 ob
994 2913 1196 2967 nimios

217 2988 314 3041 nolis
343 2991 546 3046 ardores
568 2994 650 3046 illi
677 2994 926 3047 homines
955 2991 1047 3047 die
1071 2994 1195 3049 lati·

220 3076 324 3121 tent.
338 3070 494 3127 Βιοτ.

282 3151 356 3210 46.
386 3152 582 3205 Herculi
607 3164 660 3205 et
687 3152 882 3205 Perseo.
894 3154 1020 3205 Vct.
1047 3150 1196 3223 apud

221 3223 366 3280 Dalee.
377 3230 590 3284 Her-mles
610 3244 662 3284 et
681 3232 869 3286 Persei.
889 3232 993 3285 ΕΙ).
1007 3262 1087 3274 —
1101 3234 1196 3285 So-

221 3302 364 3372 linus,
393 3327 675 3382 eap.xx1v‚
707 3330 828 3382 pag.
860 3314 968 3377 46,
1005 3312 1100 3365 nbi
1125 3310 1196 3364 de

221 3384 394 3441 Atlante
431 3404 607 3444 monte
643 3410 659 3443 ε
711 3392 944 3462 -Apex,
988 3391 1196 3463 inquit,

223 3461 379 3517 Peneo
400 3480 450 3521 et
471 3470 694 3524 Herculi
721 3471 969 3540 pervius,
995 3472 1197 3524 caeteris

223 3539 504 3601 inmun:
549 3549 624 3603 ita
661 3548 830 3603 fidem
867 3569 1080 3605 ararum
1116 3550 1196 3603 in·

223 3622 399 3693 &iptio
423 3629 588 3696 palam
621 3630 821 3684 facin·
851 3628 1034 3681 ΗΑΒΙ).

285 3708 364 3771 47.
385 3706 646 3761 Hannonis.
671 3708 918 3763 Diximus
946 3707 1014 3761 de
1042 3728 1107 3761 eo
1137 3709 1193 3763 in

223 3778 910 3842 Auctommindice.11nn.

289 3863 367 3922 48.
397 3866 465 3917 Et
488 3868 588 3919 alia
615 3868 822 3939 quidam.
855 3868 978 3921 Dal.
1008 3866 1196 3919 adalia

225 3940 434 4007 wudu.
453 3947 864 4019 repugnantibus
882 3944 1044 3999 codd.
1068 3960 1195 4001 vett.

227 4026 268 4067 ἃ
293 4017 453 4076 chiffl.
477 4022 573 4079 En.

291 4103 370 4167 ⁴9.
389 4104 1196 4171 ammaon-‚aramum-

343 4198 432 4269 11.

1283 2448 1472 2489 exstat.
1498 2434 1674 2488 Hann-

1363 2515 1452 2569 50.
1470 2513 2153 2570 CCCCLXXXV.Chiffl.
2172 2516 2311 2571 cod.

1286 2592 1681 2648 CCCCLXVJ.
1708 2594 1812 2646 En.
1839 2626 1921 2637 —
1944 2596 2175 2662 Solinus,
2203 2597 2309 2652 loc.

1282 2673 1432 2729 citat.
1471 2692 1849 2728 ccccxxxxvx:
1901 2696 1924 2717 ι
1944 2675 2086 2767 Qun
2109 2689 2315 2747 spectat

1280 2772 1442 2807 mons
1461 2756 1607 2808 Atlas
1630 2770 1906 2815 oceasum,
1934 2740 2145 2825 inquit,
2174 2756 2313 2810 inter

1281 2832 1456 2904 ipsum
1478 2846 1533 2887 et
1556 2832 1759 2886 flumen
1780 2832 2001 2886 Anatim
2014 2872 2032 2901 ,
2058 2853 2155 2904 per
2184 2854 2313 2906 qua·

1281 2910 1565 2984 dringenta
1588 2912 1879 2983 nonaginta
1905 2931 1995 2965 sex
2014 2914 2181 2966 millia
2193 2934 2311 2986 pas-

1280 3011 1439 3047 suum
1484 2993 1706 3045 infames
1750 2991 1931 3045 bestiis
1978 2992 2121 3046 silvae
2164 2996 2309 3048 obsi-

1281 3070 1426 3124 dent.
1451 3098 1474 3119 ι-
1526 3074 1609 3125 Ita
1653 3072 1816 3125 etiam
1851 3070 2181 3138 Martianus,
2213 3074 2308 3129 lib.

1283 3151 1365 3203 VI
1380 3189 1399 3216 ,
1420 3170 1537 3221 cap.
1556 3150 1625 3205 de
1640 3151 1842 3215 Africa,
1862 3168 1919 3220 p.
1944 3173 1974 3204 2
1987 3156 2073 3207 16.
2101 3153 2307 3207 Tamen

1283 3248 1410 3283 cum
1460 3230 1618 3285 editis
1680 3230 2032 3303 manuscripti
2098 3230 2311 3287 codices

1281 3309 1589 3363 concinunt.
1624 3311 1693 3363 H.
1724 3340 1805 3352 —-
1828 3310 1909 3362 De
1934 3322 2049 3363 toto
2078 3310 2185 3363 hoc
2210 3313 2312 3365 Po·

1279 3389 1416 3459 lybii
1435 3390 1654 3461 Periplo
1680 3388 1805 3443 vide
1820 3406 1939 3458 qum
1968 3390 2307 3445 disertissime

1281 3466 1519 3539 disputet
1570 3470 1653 3522 vir
1698 3470 1926 3538 antiquae
1970 3470 2306 3540 geographiae

1281 3549 1634 3618 peritissimus
1654 3548 1981 3615 Gossnrmx,
2016 3550 2307 3603 Recherches

1279 3648 1368 3680 sm·
1389 3628 1442 3680 la
1460 3629 1759 3699 geographie
1780 3632 2115 3700 mte'maeique
2146 3641 2193 3679 et
2210 3650 2306 3699 po-

1279 3712 1417 3760 sitive
1445 3708 1532 3760 des
1563 3711 1793 3771 Anciens,
1820 3719 1950 3759 tom.
1980 3708 2007 3759 1
2024 3746 2039 3771 ‚
2060 3726 2178 3777 pag.
2204 3713 2303 3763 106

1279 3807 1424 3859 seqq.
1438 3787 1642 3841 Anatin
1661 3788 1858 3840 flumen
1877 3784 1935 3838 id
1958 3804 2070 3839 esse
2091 3784 2310 3841 demon-

1283 3880 1412 3921 strat
1426 3904 1442 3929 ‚
1461 3886 1584 3939 pag.
1615 3886 1639 3921 1
1655 3886 1678 3920 1
1694 3886 1747 3932 ²,
1770 3864 1917 3939 quod
1938 3868 2049 3918 Leo
2074 3866 2307 3921 African.

1246 3966 1254 3973 ·
1281 3947 1377 3999 lib.
1399 3948 1456 3999 11
1473 3986 1489 4012 ‚
1511 3966 1632 4019 pag.
1659 3966 1682 4000 1
1696 3966 1793 4016 92,
1817 3944 2117 4000 Ommirabih
2137 3959 2314 4012 vocat,

1282 4028 1345 4079 L.
1360 4028 1577 4091 Enoxsr,
1593 4026 1788 4097 Geogr.
1812 4025 1956 4079 Nub.
1977 4044 2033 4096 p.
2074 4042 2125 4090 ι,
2150 4026 2314 4080 clim.
2352 4028 2357 4033 ’

1289 4106 1344 4171 3,
1375 4124 1496 4177 pag.
1523 4124 1618 4176 77,
1640 4104 1961 4179 Ora-Rabya.
1989 4104 2094 4177 ΕΙ).

1978 4198 2073 4267 26
