2950 5017
660 491 804 561 292
1178 471 1254 540 c.
1310 469 1658 539 PLINII
1712 471 1939 540 NAT.
1996 469 2265 539 Hlsr.

653 601 898 668 Chium
929 601 1149 678 verius
1185 625 1384 694 quam
1424 601 1668 690 insula,
1705 603 1831 670 AEx
1872 598 2180 670 nomine²
2213 624 2256 669 a
2290 599 2503 732 specie
2536 625 2783 720 capim,

650 731 796 798 quae
839 707 930 774 ita
973 708 1223 775 Graecis
1264 706 1668 802 appellatur,
1714 722 1987 802 repente
2036 733 2075 776 e
2120 691 2379 776 medio³
2418 709 2579 776 mari
2614 709 2781 776 exsi-

651 810 830 880 liens.
877 813 1180 881 Cernunt
1216 839 1370 882 eum
1409 837 1448 881 a
1485 814 1716 883 dextra
1750 829 1941 908 parte
1966 813 2269 882 Andrum
2298 813 2669 908 navigantes
2686 813 2782 881 ab

651 917 938 1004 Achaia,
973 917 1194 987 dirum
1221 944 1300 988 ac
1327 919 1735 1014 pestiferum.
1774 920 1979 1014 AEgaei
2016 943 2173 1013 pars
2213 921 2487 1012 Myrtoo
2522 907 2781 989 datur⁴z

651 1021 1026 1154 appellatur
1055 1025 1140 1094 ab
1175 1025 1388 1094 insula
1423 1051 1661 1121 parva,
1723 1050 1871 1120 quae
1912 1026 2213 1096 cernitur
2247 1026 2697 1096 Macedoniam
2738 1050 2781 1093 a

547 1136 613 1200 14
652 1117 990 1199 Geraesto⁵
1034 1131 1441 1227 petentibus,
1477 1131 1661 1200 haud
1699 1128 1933 1226 procul
1965 1131 2239 1201 Euboeae
2264 1118 2603 1226 Carysto.
2647 1135 2777 1200 Ro·

646 1237 831 1304 mani
861 1238 1089 1306 omnia
1115 1236 1259 1307 haec
1287 1240 1497 1307 maria
1520 1239 1781 1308 duobus
1807 1237 2189 1306 nominibus
2218 1237 2605 1332 appellant:
2638 1240 2781 1306 Ma-

647 1341 1071 1430 cedonicum,
1096 1368 1516 1438 quacumque
1532 1345 1556 1384 ⁷
1580 1343 2045 1413 Macedoniam
2077 1357 2196 1413 aut
2220 1343 2575 1413 Thraciam
2596 1345 2783 1413 attin·

650 1448 746 1542 git
786 1473 802 1515 :
849 1451 1258 1535 Graeciense‚
1314 1474 1446 1545 qua
1514 1452 1843 1521 Graeciam
1920 1449 2127 1519 alluit.
2194 1451 2373 1519 Nam
2450 1452 2658 1520 Graeci
2716 1464 2785 1518 et

646 1555 911 1622 lonium
955 1555 1263 1626 dividunt
1310 1558 1380 1625 in
1429 1556 1725 1627 Siculum
1756 1609 1776 1644 ‚
1854 1581 1934 1625 ac
1986 1557 2326 1626 Creticum
2352 1607 2375 1640 ,
2414 1556 2501 1624 ab
2543 1555 2781 1625 insulis.

647 1662 819 1730 Item
863 1663 1192 1746 Icarium,
1229 1663 1409 1757 quod
1453 1677 1555 1732 est
1605 1665 1780 1732 inter
1838 1663 2111 1732 Samum
2150 1715 2171 1750 ‚
2240 1676 2309 1731 et
2362 1663 2717 1756 Myconum
2732 1647 2781 1726 ⁸.

647 1769 904 1836 Caetera
949 1770 1222 1838 nomina
1259 1771 1438 1838 sinus
1475 1768 1720 1838 dedere
1740 1819 1760 1853 ,
1810 1793 1978 1862 quos
2041 1765 2389 1837 diximus⁹.
2432 1771 2521 1837 Et
2584 1769 2781 1837 maria

646 1873 916 1966 quidem
955 1889 1316 1970 gentesque
1350 1878 1418 1943 in
1451 1877 1649 1945 tertio
1685 1878 1979 1970 Europae
2012 1875 2160 1944 sinu
2198 1874 2284 1942 ad
2304 1873 2491 1960 hunc
2518 1873 2779 1944 modum

649 2003 720 2048 se
751 1979 1022 2048 habent.

583 2113 606 2148 1
753 2087 942 2154 XIX.
987 2075 1180 2178 (κη.)
1222 2086 1464 2158 lnsulae
1506 2102 1729 2158 autem
1774 2113 1856 2156 ex
1896 2086 2177 2156 adverso
2216 2084 2695 2182 Thesprotiae¹‚
2742 2109 2781 2153 a

647 2191 978 2274 Buthroto
1011 2191 1360 2262 duodecim
1401 2193 1609 2264 millia
1649 2217 1965 2290 passuum
2005 2217 2021 2259 :
2070 2191 2304 2262 eadem
2362 2193 2453 2262 ab
2500 2195 2781 2262 Acroce-

650 2297 899 2367 rauniis
922 2299 1426 2395 quinquaginta
1476 2298 1639 2369 mill.
1700 2325 1857 2370 cum
1916 2298 2084 2368 urbe
2146 2298 2449 2392 ejusdem
2512 2299 2780 2368 nominis

650 2481 1058 2552 exemplarium,
1097 2481 1156 2534 in
1181 2482 1380 2554 quibus
1404 2494 1460 2534 et
1493 2483 1676 2536 Tenum
1848 2481 1899 2534 3.
1936 2481 1991 2532 Ε
2015 2479 2185 2533 medab.
2204 2477 2291 2534 sic
2304 2499 2397 2552 ap.
2412 2480 2769 2536 Chiffinnlee.

649 2573 704 2614 et
726 2561 951 2614 Andrum
977 2561 1204 2632 legitur:
1225 2579 1336 2614 non
1351 2575 1412 2615 ut
1433 2562 1518 2616 isti
1535 2562 1677 2615 exhi·
1763 2564 1813 2614 in
1859 2559 2031 2612 medio.
2063 2559 2173 2612 Eu.

647 2641 782 2694 hent
801 2641 1042 2694 Tenedum
1063 2652 1118 2695 et
1143 2641 1454 2694 Antandrum
1471 2659 1493 2694 :
1510 2661 1541 2694 a
1562 2641 1679 2712 qui·
1862 2646 1915 2703 4.
1956 2639 2157 2713 Myrtoo
2196 2639 2361 2692 datur.
2395 2640 2520 2694 Vet-
2550 2639 2776 2712 Mycona·

649 2721 753 2772 bus
780 2739 1018 2774 errorem
1055 2721 1114 2772 in
1160 2719 1322 2773 Plinii
1369 2733 1677 2774 contextum
1763 2720 2053 2790 appellatur.
2113 2719 2251 2772 Item
2311 2737 2473 2790 supra
2501 2756 2519 2785 ,
2568 2737 2680 2789 cap.
2728 2719 2773 2772 5.

649 2799 1022 2854 transfundere
1048 2799 1333 2854 Salmasius
1349 2813 1599 2865 conatur,
1620 2801 1677 2854 in
1765 2801 1971 2853 Daue.
2013 2829 2093 2840 --
2136 2796 2255 2852 Hoc
2296 2811 2377 2854 est
2396 2838 2415 2865 ‚
2464 2799 2623 2870 AEgoei

651 2878 822 2932 Solia.
837 2897 960 2951 pag.
991 2882 1120 2935 168.
1141 2879 1327 2933 Han.
1763 2875 2007 2950 quodam
2032 2890 2111 2930 est
2128 2877 2409 2949 Myrtoum
2424 2897 2586 2932 mare.
2606 2875 2771 2932 Eun.

739 2979 791 3012 ι.
836 2959 950 3011 AEae
974 2963 1179 3012 nomine.
1231 2958 1356 3026 Αἲξ,
1400 2979 1521 3033 quae
1574 2977 1679 3013 vox
1848 2957 1900 3012 5.
1946 2957 2185 3012 Ger-asto.
2211 2958 2389 3010 Dalec.
2419 2958 2633 3012 Gensto.
2678 2959 2772 3010 En.

651 3056 868 3109 capram
893 3051 1062 3092 sonat.
1101 3037 1280 3092 Plinio
1320 3037 1680 3110 adstipulatur
1764 3069 1847 3084 —·
1879 3037 2094 3090 Euboeae
2128 3049 2253 3089 suut
2295 3037 2411 3090 haec
2451 3036 2671 3110 oppida,
2706 3035 2763 3089 de

649 3117 926 3188 Apollonii
977 3118 1318 3183 Scholiasta,
1357 3120 1426 3172 ab
1472 3120 1571 3173 lib.
1611 3118 1674 3170 1:
1764 3117 1961 3190 quibus
1984 3135 2101 3188 cap.
2137 3134 2229 3169 21.
2262 3117 2443 3171 Ηιιιι).

651 3200 856 3268 Affgon.
878 3216 930 3250 v.
965 3196 1096 3251 831.
1117 3200 1187 3252 Τὸ
1226 3199 1424 3269 Αἰγαῖον
1459 3200 1675 3268 πέλαγος
1846 3200 1902 3251 6.
1958 3195 2183 3268 Coeysto.
2222 3196 2403 3250 Dalec.
2428 3197 2665 3250 aarum.
2681 3195 2765 3247 En.

653 3281 828 3334 ἐκλήθη
864 3276 962 3329 ἀπὸ
977 3275 1124 3334 νήσου
1153 3279 1320 3348 Αἰγῶν
1355 3279 1676 3350 καλουμνης.
1889 3277 2282 3347 ..Quacumque
2332 3275 2426 3329 sic.
2471 3295 2559 3348 ap.
2602 3273 2763 3329 Chiffl
2838 3323 2840 3328 .

651 3357 826 3410 Aliter
845 3356 1030 3410 Festus
1055 3375 1070 3409 =
1105 3382 1128 3406 ι
1151 3359 1392 3428 AEgaeum
1417 3376 1565 3411 mare
1582 3375 1680 3427 np-
1768 3295 1948 3409 Dafec.
1980 3355 2337 3427 Quodcumque.
2367 3356 2476 3408 En.

654 3436 904 3506 pellatur,
935 3433 1088 3508 quod
1122 3437 1325 3490 crebra
1363 3437 1422 3489 in
1467 3456 1533 3490 eo
1576 3436 1684 3489 nint
1850 3437 1906 3490 8.
1966 3433 2241 3504 Myconum,
2283 3435 2413 3488 Vet-
2458 3455 2547 3507 ap.
2596 3435 2751 3488 Dalec.

655 3515 867 3574 insula,
883 3528 945 3569 ut
965 3516 1158 3586 procul
1177 3515 1557 3588 aspicientibus
1566 3533 1683 3587 spe-
1770 3515 2041 3588 Myeomm.
2070 3515 2177 3568 En.

657 3595 763 3649 cies
803 3613 1082 3666 caprarum
1129 3593 1412 3649 videantur
1463 3615 1480 3650 :
1532 3597 1643 3649 sive
1661 3632 1679 3661 ‚
1848 3613 1904 3664 9.
1938 3593 2075 3664 Quos
2100 3593 2329 3647 dicimus.
2374 3593 2455 3647 Ut
2488 3591 2763 3648 corinthia·

658 3673 1485 3747 quodineoAEgaeaAmazonum
1496 3673 1683 3747 regim
1768 3691 1892 3739 cus,
1923 3673 2211 3727 Saronicus
2230 3713 2247 3739 ‚
2286 3673 2585 3728 laconicus
2602 3711 2619 3740 ,
2642 3683 2767 3726 cete·
2829 3673 2832 3694 ¹

659 3754 882 3824 perierit
912 3772 926 3808 ε
960 3755 1069 3808 sive
1103 3753 1258 3826 quod
1295 3755 1352 3808 in
1392 3773 1458 3808 eo
1488 3757 1681 3826 AEgeus
1766 3753 1941 3825 rique.
1962 3751 2145 3806 Hann.
2827 3751 2832 3804 ᾧ

663 3845 812 3903 pater
823 3833 1684 3906 Theheisepraecipitaverie-Sui-
1848 3833 2001 3885 XIX.
2036 3850 2085 3885 1.
2114 3833 2449 3902 Thesprotia,
2472 3851 2507 3882 a
2527 3833 2757 3885 Buthroto.

659 3909 756 3966 dns
779 3912 848 3966 ab
873 3917 1041 3985 AEgeo
1059 3914 1253 3968 Thesei
1270 3925 1420 3985 patre
1443 3913 1683 3988 appella·
1768 3910 1950 3966 Editio
1962 3912 2212 3982 princeps
2226 3912 2554 3982 Thesprotiae,
2578 3911 2760 3972 Cotem

657 3991 818 4046 tionis
844 4011 1054 4046 causam
1085 3993 1236 4065 petit.
1267 3993 1410 4046 Vide
1437 3993 1679 4048 Emtath.
1768 4013 1802 4044 a
1815 3993 2072 4045 Buthroto.
2095 3991 2534 4045 Biton—Dulce.
2556 3993 2757 4062 neqn-

657 4071 716 4125 in
735 4071 888 4127 Iliad.
913 4075 978 4140 Β,
997 4093 1045 4127 v.
1080 4079 1146 4137 41
1160 4114 1173 4127 .
1197 4073 1376 4127 Han.
1770 4075 1854 4126 εἰει
1876 4072 2089 4144 comp-a
2107 4112 2124 4136 ‚
2144 4091 2179 4122 a
2200 4071 2469 4126 Buehmeo.
2494 4071 2599 4126 En.
