2950 5017
597 444 738 516 162
1123 445 1200 513 C.
1255 444 1600 513 PLINII
1655 444 1875 513 NAT.
1932 444 2192 513 HIST.

583 560 786 647 Nar⁵³
819 575 1032 645 amnis
1056 574 1360 644 exhaurit
1375 560 1428 607 ⁵⁴
1445 574 1593 645 illos
1616 572 1993 671 sulphureis
2006 562 2056 601 ⁵⁵
2084 577 2293 671 aquis.
2320 575 2613 647 Tiberim
2638 602 2729 647 ex

535 688 556 701 ⁹
584 685 688 753 his
729 694 960 777 petens
995 681 1238 777 replet,
1291 704 1330 751 e
1389 696 1619 750 monte
1658 666 2004 751 Fiscello⁵⁶
2044 682 2309 770 labens,
2345 684 2537 776 juxta
2588 685 2724 754 Va-

585 812 775 861 cunae
789 774 838 829 ⁵⁷
891 812 1168 858 nemora
1205 802 1274 856 et
1319 789 1531 857 Reate
1562 788 1628 856 in
1661 788 1927 857 eosdem
1974 777 2302 858 conditus.
2340 793 2427 858 At
2466 814 2551 859 ex
2592 788 2731 860 alia

583 910 776 991 parte
808 880 1077 983 Anio⁵⁸,
1117 896 1186 963 in
1224 909 1450 962 monte
1496 894 1957 963 Trebanorum
1996 910 2186 964 ortus
2208 946 2229 983 ‚
2282 892 2467 964 lacus
2510 910 2645 965 tres
2668 882 2730 935 ⁵⁹

585 1002 970 1075 amoenitate
1005 999 1290 1086 nobileS‚
1321 1002 1436 1093 qui
1467 1022 1714 1069 nomen
1736 999 1981 1069 dedere
2010 999 2390 1095 Sublaqueo
2406 986 2485 1088 ⁶⁰,
2506 1000 2733 1071 defert

581 1108 652 1176 in
686 1108 1002 1177 Tiberim.
1047 1106 1128 1174 In
1162 1126 1325 1200 agro
1351 1106 1637 1175 Reatino
1672 1104 1935 1175 Cutiliae
1951 1092 2001 1129 ⁶¹
2034 1104 2251 1175 lacum
2273 1160 2294 1193 ‚
2334 1109 2403 1176 in
2430 1132 2565 1201 quo
2588 1108 2729 1177 flu-

581 1228 768 1282 ctuet
798 1210 1034 1301 insula,
1061 1209 1268 1281 Italiae
1283 1210 1679 1281 umbilicum
1698 1236 1841 1281 esse
1868 1214 1966 1280 M.
1991 1198 2509 1281 Varro⁶²'tra‹lit.
2536 1213 2733 1282 Infra

584 1318 864 1388 Sabinos
906 1319 1174 1388 Latium
1204 1332 1339 1402 est,
1371 1340 1412 1385 a
1451 1316 1657 1386 latere
1692 1318 2010 1387 Picenum
2026 1371 2045 1404 ‚
2089 1342 2129 1387 a
2169 1333 2361 1449 tergo
2400 1318 2691 1388 Umbria
2710 1371 2729 1405 ‚

465 1434 472 1445 “
581 1426 913 1519 Apennini
942 1424 1122 1518 jugis
1160 1424 1442 1493 Sabinos
1471 1424 1804 1517 utrimque
1830 1422 2230 1494 vallantibus
2304 1477 2319 1492 .

689 1532 950 1600 XVIII.
983 1531 1238 1619 Quinta
1277 1531 1472 1623 regio
1498 1527 1755 1599 Piceni²
1788 1543 1918 1619 est,
1952 1529 2329 1624 quondam⁸
2372 1530 2733 1601 uberrimae

579 1694 661 1745 Ex
681 1690 768 1745 his
787 1690 1160 1754 collibus,uno
1178 1690 1428 1743 interciso
1454 1690 1609 1743 emis·
1694 1702 1910 1757 vocant,
1938 1691 2079 1743 Tomi
2098 1692 2184 1745 vel
2216 1695 2381 1758 Tre-³1⁵,
2410 1704 2472 1745 ut
2494 1690 2731 1747 diximus

581 1790 671 1823 sus
707 1772 762 1823 in
789 1770 986 1823 Narem
1017 1770 1244 1823 fluvium
1265 1768 1491 1822 Velinus
1529 1770 1606 1823 la·
1692 1768 1747 1821 in
1770 1770 1948 1839 prima
1969 1770 2207 1841 regione.
2228 1770 2410 1823 Hun-

583 1868 695 1903 cus.
717 1850 891 1902 Cicer.
914 1848 1005 1901 lib.
1031 1848 1130 1913 IV,
1155 1846 1222 1901 ad
1236 1847 1390 1899 Attio.
1407 1866 1491 1918 ep.
1513 1853 1603 1911 14:

582 1929 813 1983 «Reatini
839 1948 924 1981 me
934 1928 1003 1981 ad
1025 1946 1118 1980 sua
1131 1929 1289 1997 τέμπη
1312 1925 1604 1990 duxerunt,

582 2021 643 2061 ut
659 2026 869 2080 agerem
889 2019 1074 2061 contra
1093 2006 1478 2059 Interamnates
1498 2007 1612 2075 (co-

581 2085 833 2159 gnomine
863 2086 1093 2151 Nartes),
1113 2082 1260 2157 quod
1282 2084 1432 2137 lacus
1457 2084 1607 2136 veli-

585 2184 688 2219 nus
725 2184 758 2217 a
783 2166 846 2216 L.
876 2164 1042 2218 Curio
1069 2164 1292 2216 emissus
1309 2203 1325 2230 ‚
1353 2162 1609 2215 interciso

583 2255 764 2296 monte
791 2244 848 2297 in
875 2243 989 2296 Nar
1015 2241 1238 2295 defluit:
1277 2260 1343 2295 ex
1387 2260 1499 2313 quo
1528 2253 1609 2294 est

580 2321 675 2375 illa
703 2322 923 2387 siccata,
965 2333 1018 2374 et
1044 2320 1252 2374 modice
1289 2334 1470 2375 tamen
1502 2320 1608 2375 hu·

581 2398 718 2453 mida
739 2402 954 2452 Rosea.·
972 2398 1147 2451 Hmn.

655 2478 737 2532 53.
792 2484 907 2529 Nar
943 2482 1122 2530 amnis.
1154 2476 1315 2531 Nunc
1351 2482 1525 2529 Nera:
1554 2476 1607 2531 in

581 2556 818 2610 Tiberim
849 2554 1047 2609 influit.
1072 2556 1182 2609 En.

655 2634 739 2700 54.
755 2640 1007 2689 Exhaurit
1029 2638 1157 2688 illos.
1177 2636 1346 2689 Lacus
1367 2653 1607 2689 corrum-

581 2714 687 2786 pit,
707 2716 764 2768 in
788 2734 921 2787 quos
948 2714 1213 2769 conditur.
1239 2714 1426 2768 Han.

655 2794 742 2849 55.
771 2798 1067 2863 δμῳάων-εἰς.
1094 2794 1305 2865 Spectat
1338 2812 1404 2846 eo
1423 2794 1606 2866 Virgi-

487 2881 500 2895 '
579 2874 706 2939 lius,
724 2872 934 2927 AEneid.
953 2872 1186 2935 lih.v[1‚
1200 2892 1278 2928 vs.
1306 2872 1408 2943 517
1426 2873 1609 2927 :-Su1-

581 2954 786 3025 phurea
801 2953 914 3007 Nar
941 2953 1094 3006 albus
1124 2972 1260 3025 aqua
1285 2969 1300 3005 :
1330 2954 1609 3025 fontesque

582 3032 777 3086 'VelinL
795 3058 821 3078 ¹·
843 3032 1024 3087 Han.

657 3113 745 3167 56.
764 3115 984 3164 Fiscello.
1007 3108 1166 3163 Silius
1193 3110 1313 3163 Ital.
1329 3109 1422 3163 lib.
1441 3110 1607 3164 v111:

583 3219 609 3238 α
627 3192 784 3257 Quae,
811 3190 1060 3253 Fiscelle,
1093 3200 1210 3241 tuas
1247 3206 1418 3253 arces,
1449 3201 1549 3243 etc.
1580 3214 1604 3235 ι

583 3271 744 3324 Nunc
786 3288 1000 3343 quoque
1049 3274 1218 3321 Monte
1267 3272 1474 3321 Fiscello
1490 3308 1505 3331 ,
1554 3270 1611 3321 in

585 3350 822 3404 confinio
850 3348 1064 3402 Abrutii
1087 3346 1379 3408 ulterioris,
1421 3346 1491 3401 ad
1522 3366 1613 3421 op-

585 3428 771 3503 pidum
797 3430 953 3481 Civita
985 3430 1152 3481 Reale.
1185 3426 1369 3479 Huu).

661 3509 744 3580 57.
774 3514 1015 3559 Vacunoe.
1059 3506 1124 3558 In
1169 3516 1351 3559 moute
1389 3503 1612 3558 Fiscello

585 3588 711 3640 Dete
735 3588 966 3639 Vacunae
990 3603 1388 3657 nemus»,quam
1415 3602 1612 3637 vacan-

585 3666 728 3720 tibus
774 3678 824 3719 et
860 3666 1046 3718 otiosis
1084 3683 1308 3737 praeesse
1345 3662 1611 3716 dicebaut.

587 3746 669 3797 De
687 3764 748 3799 ea
771 3743 928 3797 Ovid.
949 3744 1090 3798 Fast.
1114 3744 1312 3811 lib.V1,
1333 3763 1384 3796 v.
1414 3742 1612 3813 307.H.

657 3824 745 3877 58.
777 3826 924 3874 Anio.
950 3823 1107 3876 Nunc
1135 3828 1393 3876 Teverone.
1421 3820 1607 3875 Oritur

577 3902 730 3973 juxta
749 3900 1004 3973 oppidum
1044 3902 1192 3973 quod
1221 3900 1387 3973 Τρῆὅα
1407 3898 1605 3953 dicitur

580 3980 858 4033 Ptolemaeo
881 4020 897 4047 ,
918 3982 978 4033 in
1005 3981 1159 4035 Latio
1174 4016 1191 4045 ‚
1215 3978 1309 4033 lib.
1329 3978 1417 4031 111
1435 4017 1450 4041 ,
1474 3996 1595 4051 cap.

585 4079 638 4123 ¹3
667 4076 812 4113 nune
837 4058 895 4111 in
917 4058 1208 4131 Campania
1245 4060 1517 4125 Romana,
1539 4072 1601 4112 ut

1767 1848 1850 1915 59.
1880 1851 2016 1901 Tres.
2032 1849 2144 1901 Elz.
2170 1853 2321 1901 stris.
2344 1850 2578 1921 Legebat
2604 1850 2732 1903 Dal.

1694 1944 1757 1979 ex
1784 1938 1886 1981 vet.
1932 1930 2055 1980 Tris.
2086 1925 2191 1981 En.

1766 2008 1855 2058 60.
1887 2008 2182 2074 Sublaqueo.
2210 2006 2355 2059 Villa
2366 2006 2615 2073 Neronis,
2636 2010 2734 2061 cui

1692 2085 2054 2159 Sublaqueum
2082 2105 2279 2141 nomen
2304 2099 2411 2153 est,
2432 2086 2603 2159 inquit
2618 2084 2733 2140 Τι-

1694 2166 1782 2219 cit.
1802 2168 1990 2219 Annal.
2017 2167 2108 2219 lib.
2136 2166 2289 2234 XIV,
2307 2186 2420 2238 cap.
2452 2188 2535 2221 υ.
2558 2166 2735 2239 Oppi-

1694 2244 1825 2297 dum
1855 2245 1957 2299 fuit
1992 2246 2153 2299 etiam
2188 2257 2312 2301 ante
2349 2244 2573 2299 Neronis
2598 2255 2737 2298 tem·

1695 2341 1829 2397 pora
1848 2360 1866 2387 ‚
1890 2324 2041 2397 cujus
2068 2323 2193 2378 villa
2224 2324 2561 2379 sublacensis
2578 2323 2737 2379 dicta

1695 2414 1772 2455 est
1795 2402 1861 2455 ab
1878 2401 2107 2475 oppido:
2128 2403 2385 2477 oppidum
2414 2404 2557 2456 enim
2573 2406 2737 2476 juxta

1692 2479 1841 2533 lacus
1868 2483 2124 2552 positum,
2161 2482 2307 2536 unde
2324 2500 2521 2535 nomen
2550 2500 2566 2535 z
2594 2482 2737 2537 villa

1694 2560 1749 2611 in
1768 2558 1989 2613 editiore
2014 2560 2135 2613 loco
2156 2578 2172 2612 ε
2193 2578 2338 2613 nunc
2356 2563 2625 2629 Subiaquo,
2656 2560 2737 2614 ad

1694 2639 1973 2691 Anienem.
1992 2636 2170 2690 Ilum.

1767 2720 1847 2769 61.
1885 2720 2091 2768 Cutilioe.
2111 2714 2345 2770 Chifflet.
2378 2718 2602 2769 Cueim’oe.
2618 2712 2737 2771 En.

1692 2828 1765 2838 —-
1804 2796 1957 2849 Nunc
2001 2802 2143 2864 Lago
2178 2800 2235 2847 di
2264 2798 2579 2865 contiguam
2602 2834 2623 2859 ‚
2662 2796 2741 2849 ab

1693 2876 1891 2949 oppido
1918 2876 2113 2929 vicino.
2150 2876 2233 2929 De
2263 2873 2451 2928 insulis
2469 2873 2745 2929 Cutilien-

1700 2953 1839 3007 sium
1878 2953 2028 3006 lacus
2069 2954 2233 3007 multa
2262 2952 2603 3015 Macrobius,
2638 2952 2743 3008 Sa·

1696 3044 1845 3085 turn.
1867 3032 1959 3084 lib.
1988 3032 2029 3093 1,
2066 3050 2113 3084 c.
2140 3050 2190 3103 7.
2216 3030 2505 3084 Fluitantes
2528 3032 2743 3085 Seneca

1694 3110 1893 3164 vidisse
1924 3130 1979 3163 se
2022 3120 2269 3175 testatur,
2288 3119 2349 3162 ut
2376 3108 2613 3163 diximus
2636 3109 2745 3163 lib.

1693 3189 1752 3241 11
1774 3229 1789 3255 ‚
1822 3208 1939 3263 cap.
1986 3192 2072 3257 96.
2113 3188 2357 3243 Meminit
2394 3199 2449 3241 et
2494 3188 2742 3261 Dionys.

1694 3266 1869 3322 Halic.
1893 3268 1983 3321 lib.
2006 3268 2049 3328 1,
2082 3286 2198 3339 pag.
2233 3266 2314 3319 15.
2338 3264 2523 3319 Banu.

1768 3350 1854 3400 62.
1874 3352 1944 3419 λζ.
1974 3353 2151 3399 Varro.
2181 3346 2249 3398 Et
2274 3344 2611 3409 Martianus,
2636 3346 2747 3400 lib.

1696 3426 1805 3494 VI,
1824 3446 1942 3498 cap.
1962 3424 2031 3479 de
2060 3426 2185 3479 Ital.
2214 3440 2335 3497 pag.
2366 3425 2483 3477 205.
2510 3422 2707 3478 Hann-

1770 3506 1854 3558 63.
1884 3504 2345 3558 stillantibus-vet.
2368 3500 2519 3575 apud
2542 3504 2739 3560 Delec-

1697 3578 1990 3636 ulantibus.
2026 3582 2131 3635 En.

1768 3660 1978 3715 XVIII.
1996 3680 2041 3715 1.
2060 3664 2247 3715 Piceni.
2260 3660 2417 3715 Nunc
2437 3660 2747 3717 Abx-utinm

1699 3740 1919 3795 ulterius
1958 3740 2173 3806 dicitur,
2210 3756 2337 3792 cum
2368 3752 2529 3811 parte
2552 3738 2750 3813 aliqua

1692 3820 1946 3875 Marchiae
1961 3860 1977 3883 ‚
2007 3830 2068 3872 ut
2092 3831 2283 3874 vocant
2306 3855 2322 3882 ,
2342 3820 2707 3874 Anconitenoe
2730 3840 2751 3875 ε

1691 3898 1787 3955 sed
1812 3918 1916 3972 qua
1947 3900 2081 3953 mari
2099 3900 2209 3953 fere
2245 3910 2541 3969 utrumque
2571 3897 2755 3953 allui-

1690 3992 1794 4033 tur.
1816 3980 2004 4033 Ham).

1765 4064 1947 4121 2.Ese,
1979 4079 2031 4127 q.
2050 4056 2239 4113 Chiffl.
2254 4072 2303 4110 et
2318 4058 2592 4125 quondam.
2616 4052 2753 4110 Eo.
