2950 5017
1032 497 1133 564 LI
1152 499 1203 564 Β
1216 499 1273 564 E
1294 497 1361 564 R
1414 498 1447 564 Ι
1460 497 1545 563 V.

248 625 669 694 mediterranei
691 613 1091 694 xx1v⁴⁰.Sex
1132 613 1436 720 oppida⁴¹

2195 495 2240 568 3
2251 495 2290 567 3
2305 523 2343 542 ‘-

1468 627 1901 720 ‚Orgocyni,
1945 537 2353 710 Characeni),

247 733 569 824 Lagyrani,
586 733 923 813 Tractari,
946 729 1446 818 Archilachitae,
1469 729 1783 800 Caliordi.
1807 735 1844 800 J
1849 719 2094 826 ugum
2099 731 2352 864 'ipsum

244 837 623 930 Scythotauri
651 851 900 906 tenent.
930 835 1353 906 Clauduntur
1368 836 1452 905 ab
1471 836 1815 974 oc5cidente
1844 837 2352 926 Cherrone50‚

2276 825 2326 871 43

240 942 309 1010 ab
335 959 475 1012 ortu
492 943 779 1080 Scythis
812 929 1232 1012 Satarchis⁴⁴.
1270 946 1351 1011 In
1384 935 1544 1011 ora⁴
1545 929 1651 1012 ⁵a
1686 944 2019 1014 Carcinite
2051 945 2346 1040 oppida:

238 1034 543 1142 Taphrae⁴⁶
552 1103 574 1137 ‚
618 1051 689 1116 in
730 1049 891 1143 ipsis
950 1049 1273 1142 angustiis
1335 1047 1757 1186 peninsulae·
1809 1073 1968 1119 mox
2029 1051 2352 1120 Heraclea

237 1143 723 1224 Cherronesos⁴⁷
736 1154 1101 1240 ‚libertate
1128 1179 1169 1224 a
1206 1141 1586 1224 Romanis⁴⁸
1630 1155 1974 1224 donatum.
2012 1159 2350 1251 Megarice
2387 1177 2420 1230 7

234 1260 567 1330 vocabatur
602 1274 834 1347 antea,
869 1263 1185 1356 praecipui
1214 1262 1449 1330 nitoris
1476 1263 1546 1329 in
1575 1275 1719 1331 toto
1741 1285 1822 1330 eo
1849 1275 2100 1347 tractu,
2128 1277 2350 1333 custo-

234 1363 358 1434 ditis
417 1368 695 1437 Graeciae
736 1367 1071 1451 moribus,
1132 1369 1429 1462 quinque
1509 1365 1716 1436 millia
1771 1391 1942 1462 pass.
2017 1369 2352 1438 ambiente

234 1494 419 1541 muro.
452 1472 623 1542 Inde
644 1472 1076 1541 Parthenium
1092 1459 1145 1510 ⁴⁹

298 1702 377 1757 4ο.
422 1697 645 1752 XXIV.
691 1697 845 1752 MSS.
896 1699 1029 1770 Reg.
1064 1717 1126 1764 1,
1160 1721 1189 1752 2
1212 1738 1230 1764 ‚

230 1773 363 1828 colb.
394 1794 417 1828 1
436 1818 453 1842 ‚
483 1797 547 1842 a,
580 1795 761 1830 xxvix.
786 1779 971 1831 ΗΑιυ.

300 1861 381 1919 41.
418 1856 517 1908 Sex
558 1857 774 1928 oppida,
820 1867 918 1910 etc.
975 1857 1040 1910 Iu
1095 1855 1226 1911 edit.

224 1930 379 1988 Par-m.
410 1949 461 1989 et
490 1937 648 1991 MSS.
678 1935 943 1992 Cumaeae.
966 1938 1226 2009 Assyrani.

223 2011 322 2066 Nos
342 2033 400 2067 ex
420 2017 736 2081 Ptolemaeo,
757 2015 851 2069 lib.
878 2017 963 2068 111
980 2055 997 2081 ‚
1022 2035 1144 2088 cap.
1172 2021 1228 2081 6,

227 2089 471 2146 chamani
487 2109 542 2148 et
556 2096 811 2168 Lagyrani
826 2096 1225 2164 rescripsimus:

218 2173 451 2240 quoniam
484 2175 539 2228 in
578 2175 809 2228 Taurica
852 2173 1052 2246 oppida
1100 2189 1228 2229 sunt

217 2251 346 2320 apud
382 2273 501 2308 eum
540 2255 669 2318 ista,
712 2254 891 2326 Χάραξ
906 2268 961 2307 et
1000 2256 1225 2326 Δαγὺρα.

214 2327 311 2383 Pro
360 2333 435 2385 Or
410 2353 605 2406 rgoeyc
687 2334 825 2386 forte
856 2333 1059 2403 Argode
1034 2338 1113 2386 em·
1138 2353 1225 2386 re-

210 2409 362 2475 ctius,
390 2414 456 2464 ab
476 2405 697 2483 Ᾱργωδα
724 2411 963 2483 ejusdem
982 2414 1229 2468 Taurica

210 2489 585 2546 mediterraneo
599 2491 828 2564 oppido.
844 2493 949 2544 Pro
969 2495 1228 2558 Tractat-i,

96 2575 109 2593 ⁸
206 2567 351 2622 MSS.
370 2571 593 2624 Stactari
614 2573 834 2626 habent.
856 2572 921 2624 In
935 2572 1229 2636 libris-,hac-

206 2660 349 2702 tenus
401 2652 631 2722 vulgatis
675 2651 899 2723 legitur,
964 2652 1224 2718 Camerti,

202 2729 454 2802 Assyrani.
486 2731 674 2786 man.

276 2817 373 2872 4²·
392 2811 581 2879 Iugum
604 2815 775 2880 ipsum
796 2809 1035 2875 Montes,
1054 2811 1148 2882 qui
1172 2811 1230 2864 in

198 2887 421 2944 Taurica
442 2891 778 2944 Chersoneso
800 2891 1053 2944 eminent.
1076 2891 1147 2942 Η.

272 2971 367 3031 43.
426 2969 749 3024 Cherroneso.
794 2968 1017 3040 Oppido
1060 2968 1231 3023 Hera-

192 3046 487 3103 electarum
509 3089 528 3115 ‚
550 3049 619 3103 de
645 3069 755 3121 quo
782 3067 927 3101 mox.
947 3048 1131 3102 Ham).

267 3135 361 3192 44.
381 3129 667 3182 Sacas-cleis.
688 3131 937 3194 Quorum
965 3127 1230 3199 oppidum

187 3205 241 3257 in
275 3209 520 3262 Taurioe
556 3210 889 3262 Chersoneso
918 3207 1231 3261 mediterra-

182 3304 337 3341 neum
348 3287 781 3359 tardamapnd
801 3288 1235 3352 Ptolem.1ib.111,

185 3385 297 3436 cap.
322 3373 387 3430 6,
416 3369 619 3421 incolae
642 3367 947 3438 Pomponio
968 3366 1232 3420 Satarchae

180 3443 327 3501 dimi.
342 3450 429 3501 De
450 3448 547 3501 his
566 3447 788 3501 Solinus
801 3483 819 3510 ‚
836 3465 953 3517 cap.
972 3465 1041 3498 xv
1057 3486 1074 3511 ‚
1106 3465 1229 3516 pag.

184 3524 253 3579 3⁵
282 3549 295 3578 :
347 3554 374 3575 α
412 3529 695 3582 satan-chae
719 3544 821 3578 usu
852 3525 969 3579 auri
998 3527 1229 3596 argenti-

180 3622 277 3676 que
294 3605 570 3661 damnato
587 3645 605 3669 ‚
632 3607 691 3658 in
718 3617 984 3658 aeternum
1004 3623 1063 3658 se
1077 3623 1104 3657 a
1126 3623 1231 3677 pu-

176 3685 309 3740 buca
323 3687 567 3741 avaritia
586 3684 948 3738 vindicarunt.
974 3712 997 3732 ι
1019 3685 1091 3737 Hi
1111 3697 1234 3738 sunt

176 3783 307 3834 quos
330 3769 559 3821 Plinius
576 3804 593 3829 ‚
618 3766 718 3818 lib.
744 3765 823 3816 v1
840 3803 857 3831 ,
879 3784 996 3836 cap.
1024 3783 1057 3834 7
1074 3805 1092 3826 ‚
1136 3765 1231 3818 Sa·

174 3847 415 3901 tax-theos
443 3858 639 3900 vocat.
662 3844 849 3897 uino.

250 3927 347 3989 45.
368 3929 439 3980 [ιι
472 3944 611 3988 om,
646 3936 751 3977 etc.
779 3925 906 3975 Vet.
934 3941 1020 3994 ap.
1050 3923 1231 3978 Delec-

182 4028 203 4050 ·
226 4005 403 4062 hora
422 4007 683 4062 caoesne
704 4001 971 4074 oppidum
985 4041 1003 4070 ,
1026 4003 1200 4075 Tagre
1216 4041 1233 4069 ,

172 4097 270 4139 ete.
292 4113 319 4136 ο
351 4087 467 4142 En.

330 4199 438 4266 ΙΙ.

1173 1474 1748 1568 promontorium,
1787 1476 2164 1543 Taurorum
2195 1477 2352 1544 civi-

1402 1703 1498 1762 46.
1523 1700 1574 1751 T
1568 1701 1752 1770 ophroe.
1770 1698 1941 1760 Mela,
1977 1699 2072 1752 lib.
2095 1701 2205 1765 111,
2227 1721 2345 1773 cap.

1324 1797 1349 1832 ι
1381 1797 1395 1830 :
1427 1779 1581 1848 Quod
1604 1783 1730 1831 inter
1753 1778 1984 1849 paludem
2017 1780 2236 1832 Maeotin
2254 1820 2270 1845 ,
2301 1795 2350 1832 et

1313 1861 1468 1910 sinum
1490 1858 1796 1912 Carciniten
1814 1870 1918 1920 est,
1957 1860 2166 1928 Taphra
2195 1866 2348 1912 nomi-

1314 1949 1512 1991 nantur.
1535 1938 1852 2000 Ptolemaeo,
1883 1937 1986 1990 loc.
2013 1939 2103 1991 cit.
2134 1939 2344 2008 Τάφρος.

1312 2016 1501 2070 Ihnn.
1529 2048 1610 2059 —
1639 2015 1899 2087 Taphrae,
1931 2035 2079 2070 nunc
2093 2019 2304 2090 Per-ecop
2325 2041 2346 2081 ,-

1313 2097 1476 2168 vulgo
1498 2115 1713 2168 quoque
1741 2095 1947 2165 Orkapi.
1977 2099 2144 2150 Bnor.

1399 2182 1492 2245 47.
1533 2176 1782 2228 Heraclea
1825 2176 2161 2230 Cherronesos.
2211 2179 2348 2234 Sunt

1312 2255 1455 2308 enim
1471 2255 1566 2308 ista
1579 2255 1910 2324 conjunctim
1925 2254 2146 2326 legenda
2167 2275 2180 2310 :
2199 2256 2346 2310 unde

1312 2335 1557 2406 superius
1589 2353 1706 2405 cap.
1738 2339 1839 2399 24,
1879 2333 2077 2388 dicitur
2111 2335 2345 2390 Cherro-

1312 2433 1469 2467 nesus
1545 2407 1982 2466 Heracleotarum
2055 2414 2344 2486 oppidum.

1314 2494 1532 2558 Strabo,
1562 2493 1658 2547 lib.
1690 2494 1979 2565 vt1,pag.
2011 2493 2157 2548 308:
2192 2498 2344 2556 nom

1312 2563 1646 2643 Ἠρακλιωτῶν
1699 2575 1972 2642 καλουμένη
2021 2575 2204 2644 Χιῤῥόν
2181 2595 2345 2634 ν.ησος

1314 2652 1484 2717 Mela,
1504 2652 1609 2704 loc.
1632 2653 1725 2705 cit.
1775 2650 2116 2723 -Oppidum
2139 2653 2348 2724 adjacet

1312 2731 1674 2786 Chersonesus
1687 2771 1702 2795 ‚
1721 2749 1752 2784 a
1773 2732 1943 2784 Diana
1961 2771 1976 2796 ,
1997 2731 2042 2785 si
2071 2732 2312 2786 creditur
2329 2773 2346 2798 ‚

1314 2809 1612 2874 conditum,
1623 2825 1674 2864 et
1687 2809 1994 2882 Nymphae
2008 2811 2346 2884 specu,quod

1314 2891 1372 2944 in
1394 2908 1516 2943 arce
1532 2891 1582 2942 ei
1599 2903 1864 2944 sacratum
1890 2903 1968 2942 est
1983 2923 1998 2950 ‚
2037 2893 2265 2943 maxime
2285 2893 2348 2944 it-

1314 2970 1504 3023 lustre.
1531 2995 1554 3016 ι·
1579 2969 1916 3022 H.-Nunc
1943 2969 2178 3034 Cher-son,
2213 2991 2348 3024 non·

1314 3067 1592 3120 nunquam
1615 3049 1773 3102 etiam
1785 3049 1991 3100 Kosleve
2005 3047 2228 3102 dictum.
2240 3051 2349 3104 En.

1403 3133 1496 3191 48.
1533 3131 1584 3180 Α
1607 3129 1857 3180 Romanis.
1881 3129 2062 3193 Quum
2087 3128 2348 3182 debellato

1316 3205 1629 3261 Mithridate
1637 3208 1902 3278 totaregio
1915 3208 1970 3259 in
1985 3209 2351 3262 Romanorum

1317 3300 1635 3359 potestatem
1655 3287 1818 3340 venit.
1847 3287 2026 3339 Ηιιιυ.

1404 3373 1498 3436 49.
1515 3367 1843 3420 Parthenium.
1863 3368 1926 3419 In
1941 3365 2168 3420 Taurica
2186 3367 2352 3420 Cher-

1320 3465 1509 3500 soneso
1526 3487 1542 3512 ,
1573 3450 1706 3498 sinos
1717 3459 1973 3516 portuosus
1985 3487 2002 3510 ‚
2031 3445 2210 3517 inquit
2235 3447 2353 3499 Me·

1316 3527 1394 3594 la,
1420 3527 1520 3579 lib.
1539 3527 1596 3579 11
1615 3563 1632 3588 ,
1655 3543 1773 3597 cap.
1797 3544 1820 3578 1
1850 3565 1868 3590 ,
1906 3551 1929 3573 ι
1964 3537 2016 3578 et
2043 3523 2164 3577 ideo
2185 3527 2349 3586 Καλὸς

1316 3607 1461 3677 λιμὴν
1486 3605 1778 3677 appellatus
1792 3643 1808 3668 .,
1825 3605 2209 3676 promontoriis
2221 3603 2354 3658 duo·

1317 3686 1423 3738 bus
1453 3683 1750 3738 includitur
1782 3705 1794 3735 :
1830 3685 2053 3736 alterum
2093 3690 2240 3756 Κριοῦ
2267 3687 2356 3756 μί·

1318 3785 1488 3818 τωπον
1527 3776 1752 3829 vocant,
1777 3761 2096 3817 Carambico
2119 3763 2268 3834 qnod
2295 3765 2351 3817 in

1320 3845 1445 3897 Asia
1469 3842 1706 3898 diximus
1729 3883 1745 3908 ,
1789 3861 1890 3913 par
1928 3855 1981 3895 et
2027 3839 2305 3896 adversum
2335 3864 2353 3900 ι

1320 3923 1644 3976 Parthenion
1683 3935 1936 3975 vocant.-
1973 3920 2136 3975 Unde
2181 3925 2355 3976 mani-

1324 4003 1515 4056 festum
1558 4015 1637 4055 est
1675 4001 1846 4056 Καλὸν
1884 4003 2060 4072 λιμένα
2105 4002 2356 4074 eumdem

1326 4100 1437 4136 esse
1457 4123 1473 4146 ,
1517 4082 1610 4153 qui
1655 4100 1782 4135 mox
1822 4081 2124 4152 Symbolon
2172 4094 2360 4155 portus

1994 4213 2088 4256 22
