2950 5017
606 453 702 534 43

604 583 754 651 ses⁷
760 582 807 667 7,
852 587 949 653 Ει
951 569 1419 715 gavicenscs⁷⁸

1130 454 1212 519 C·
1274 452 1621 606 PL81N11
1682 452 1903 519 NAT.
1964 454 2227 520 HIST.

1466 584 2138 654 :Graccuritanos⁷⁹
2143 636 2161 670 ,
2209 588 2654 659 Leonicenses
2689 578 2760 662 ’Ἃ

600 678 1177 823 Οε3ἰςθιϊκὲη3ε3ἰι
1186 694 1283 759 F
1283 690 1467 759 oedet
1468 706 1613 759 atos
1627 682 2184 829 ‚Tarragenses²
2192 696 2756 825 .Stipendiarios·

598 784 1183 868 Arcobricensesffi
1187 850 1207 883 ‚
1249 744 1826 893 Andologerises⁸⁴
1828 853 1848 886 ‚
1889 788 2405 871 Arocelitanos⁸⁵
2411 852 2429 887 ,
2468 807 2756 874 Bursao-

678 1027 773 1078 77.
805 1007 1166 1061 Cascantenses.
1193 1006 1378 1061 Chiffl.
1409 1008 1630 1061 Cascan-

594 1102 683 1141 ιω·
724 1089 989 1141 Nummus
1026 1089 1236 1142 Tiberii
1282 1086 1424 1160 apud
1453 1086 1624 1141 Patin-

592 1187 713 1240 pag.
764 1170 912 1230 616,
952 1168 1226 1222 Mamer».
1274 1169 1625 1221 Ciminum.

594 1250 893 1302 Κάσκαντον
926 1250 1241 1315 Ptolemoe0‚
1267 1250 1365 1302 lib.
1397 1251 1484 1312 11,
1509 1267 1627 1319 cap.

598 1330 661 1394 6,
686 1331 742 1381 ἰιι
772 1329 1138 1393 vasconibus,
1166 1330 1271 1383 hoc
1296 1342 1399 1393 est,
1426 1328 1629 1382 Navar-

594 1410 685 1463 ris.
716 1408 768 1462 N
772 1427 875 1461 unc
908 1408 1175 1480 oppidum
1207 1410 1485 1473 Navarra,
1510 1409 1633 1462 Cas·

593 1502 752 1555 cante,
777 1490 943 1542 leucis
970 1491 1149 1543 tribus
1176 1508 1206 1543 a
1239 1492 1524 1553 Tar-axona,
1549 1508 1630 1541 se-

598 1570 981 1639 ptemtrionem
1038 1588 1237 1624 versus.
1288 1572 1354 1622 In
1399 1568 1634 1623 decretis

594 1649 786 1703 Hilarii
804 1652 980 1721 Papae,
1003 1670 1031 1703 3
1042 1651 1075 1704 5
1082 1672 1110 1704 3
1131 1670 1145 1705 :
1170 1652 1630 1722 Tyriassonemium‚

596 1730 985 1796 Asc-amendam,
998 1731 1463 1801 Calagurieanorum
1474 1731 1633 1800 dege,

604 1812 1050 1877 Turiasoemnsium,
1082 1812 1477 1865 Cascantemium
1490 1852 1507 1877 ,
1530 1822 1633 1865 etc.

598 1891 669 1944 H.
700 1905 754 1944 et
784 1888 890 1943 En.

682 1974 774 2041 78.
824 1973 1195 2042 Ergavicemes.
1245 1961 1528 2043 Εργαοὺἷκα
1573 1972 1634 2023 in

600 2048 904 2115 Celtiberis,
921 2054 1211 2106 Ptolemaeo
1232 2053 1337 2105 loc.
1364 2051 1451 2105 cit.
1472 2050 1632 2123 Apud

598 2130 817 2185 Gruter.
839 2150 958 2204 pag.
977 2134 1112 2189 381:
1132 2135 1233 2187 Ex.
1252 2132 1504 2185 Cornu.
1523 2132 1638 2186 Cn-

598 2229 712 2264 sui-
737 2213 991 2267 Encnnc.
1013 2212 1133 2266 Hoc
1152 2224 1257 2270 est,
1280 2212 1359 2263 Ex
1384 2212 1634 2266 Conven-

598 2302 657 2343 tu
720 2293 1184 2365 Caesaraugustano
1238 2292 1630 2345 Ercavicenses.

597 2370 763 2443 Apud
793 2371 1074 2438 Patinum,
1104 2391 1225 2444 pag.
1256 2370 1360 2437 34,
1380 2390 1635 2425 nummus

1720 1008 2042 1078 sceptabant.
2089 1009 2252 1063 Nunc
2295 1024 2376 1064 est
2411 1012 2662 1077 Alcaniz,
2697 1016 2756 1067 in

1718 1087 1887 1158 Restio
1912 1088 1974 1140 de
2001 1088 2241 1159 Aragon,
2265 1088 2331 1143 ad
2358 1110 2573 1145 amnem
2607 1092 2754 1146 Gua-

1719 1166 1921 1239 dalope,
1944 1168 2038 1240 qui
2065 1168 2122 1221 in
2153 1170 2372 1223 Iberum
2401 1170 2602 1225 influit.
2622 1170 2764 1225 Ede-

1720 1261 1870 1302 tanos
1914 1268 1946 1301 a
1985 1248 2227 1302 Valentia
2273 1270 2441 1323 usque
2485 1251 2758 1305 Caesarau-

1719 1341 1930 1398 gustam
1957 1329 2276 1399 pertinuisse
2299 1333 2410 1400 jam
2433 1332 2760 1385 monuimus.

1721 1409 1987 1463 Nummus
2045 1409 2108 1463 C.
2164 1411 2384 1463 Caesaris
2405 1452 2422 1476 ,
2479 1412 2539 1464 in
2595 1412 2762 1467 Thes.

1721 1488 1920 1543 Goltzii
1935 1510 2020 1561 ,p.
2044 1496 2155 1553 344
2176 1508 2190 1542 :
2218 1491 2376 1543 Mun.
2396 1492 2664 1545 Limnen.
2685 1494 2761 1545 H.

1808 1573 1902 1623 81.
1955 1570 2326 1640 Ossigerdcmes
2343 1608 2360 1635 ,
2403 1572 2489 1624 vel
2533 1587 2596 1625 ut
2639 1574 2766 1626 vult

1723 1649 1873 1703 Brot.
1938 1651 2276 1703 Osicerdwses
2341 1670 2362 1704 :
2436 1653 2766 1705 Ptolomeus

1724 1730 1899 1795 enim,
1947 1731 2051 1785 loc.
2093 1730 2180 1784 cit.
2233 1717 2489 1803 ὸσικίρὸα.
2533 1733 2722 1786 scribit
2743 1772 2764 1797 ‚

1722 1809 1870 1880 quod
1887 1811 2044 1864 etiam
2062 1811 2118 1863 in
2141 1812 2376 1865 nummis
2395 1812 2666 1865 veteribus
2683 1832 2770 1865 re-

1723 1890 1953 1961 peritur.
1999 1889 2254 1945 Creditur
2291 1910 2402 1945 esse
2449 1894 2649 1957 Xena,
2693 1892 2770 1945 ad

1721 1971 1963 2037 Iberum,
1976 1972 2142 2025 leucis
2163 1972 2332 2024 tribus
2347 1990 2516 2043 supra
2533 1974 2587 2025 T
2581 1985 2768 2025 ονωεα.

1723 2050 1829 2103 En.

1821 2131 1912 2184 83.
1972 2133 2319 2201 Tarragenses.
2393 2131 2766 2203 Municipium

1721 2210 1963 2282 Τάρῤαγα
1991 2213 2310 2276 Ptolemaeo,
2329 2211 2384 2265 in
2407 2212 2768 2266 vasconibus.

1723 2291 2010 2363 Hodieque
2040 2293 2291 2362 Tan-rega,
2321 2292 2490 2345 leucis
2511 2311 2711 2345 novem
2733 2312 2770 2345 a

1724 2372 1934 2434 Laride,
1960 2372 2222 2425 orientem
2261 2390 2470 2438 versus,
2496 2374 2554 2424 in
2575 2376 2773 2442 princi-

593 2451 872 2523 antiquus:
894 2470 1041 2507 unu.
1062 2470 1355 2506 nuenton.
1376 2452 1443 2504 In
1462 2452 1629 2506 Cone.
1717 2452 1852 2522 pado
1875 2451 1938 2504 de
1967 2451 2234 2505 Caeaeusa.
2262 2453 2367 2504 En.

594 2529 775 2584 Tolet.
830 2552 889 2595 x,
938 2534 1238 2604 Balduigt‘us
1296 2534 1638 2585 Amaoicensis

598 2615 871 2682 episcopus,
914 2632 1019 2685 pro
1058 2615 1412 2667 Ercavicensis.
1456 2610 1634 2665 Hodie

598 2692 803 2762 Fragor,
835 2691 905 2745 ad
934 2692 1166 2749 fluvium
1207 2693 1391 2757 Cinea,
1428 2693 1528 2765 qui
1573 2692 1630 2745 in

596 2773 817 2826 Iberum
862 2773 1072 2840 influit,
1113 2774 1279 2827 leucis
1316 2773 1562 2845 quinque
1606 2790 1637 2825 a

599 2853 805 2906 Lerida.
836 2854 941 2908 En.

683 2952 778 3004 79.
809 2932 1210 2989 Graccuritanos.
1238 2936 1285 2988 A
1314 2934 1402 2986 Ti.
1428 2934 1636 2987 Graeco

594 3032 795 3067 nomen
816 3013 1100 3068 Graccuris
1116 3012 1489 3088 accepit.Vide
1500 3014 1639 3067 Livii

594 3094 741 3164 Epit.
767 3093 861 3147 lib.
900 3094 1042 3148 XLI.
1082 3120 1107 3144 ι
1130 3094 1405 3149 Gracchus
1442 3112 1637 3146 monu-

600 3186 843 3227 mentum
876 3175 1091 3229 virtutis
1134 3192 1475 3247 operumque
1516 3191 1640 3226 suo-

590 3272 721 3316 rum
732 3254 1089 3309 Gracchurim
1105 3256 1296 3308 urbem
1310 3272 1405 3307 suo
1416 3254 1640 3307 nomine

602 3334 869 3407 insignem
894 3354 1007 3389 esse
1026 3335 1199 3389 voluit
1214 3375 1230 3401 ,
1250 3352 1372 3407 qun
1388 3348 1542 3387 antea
1565 3334 1638 3387 11-

596 3414 764 3469 lurcis
784 3416 1181 3470 nominabatur.
1194 3442 1216 3462 ·
1248 3416 1407 3468 Nunc
1426 3414 1638 3485 Agreda

596 3494 657 3547 in
692 3496 971 3568 Aragoniae
999 3496 1268 3561 confinio,
1302 3495 1469 3548 leucis
1494 3496 1579 3547 lv
1605 3514 1638 3549 a

606 3575 892 3629 Tamzona.
915 3575 1055 3630 Hinc
1074 3576 1339 3649 Martyres
1358 3575 1640 3628 Graccuri-

600 3656 714 3707 tani
738 3655 796 3707 in
822 3657 1102 3729 Martyrol.
1127 3658 1375 3730 Martyres
1392 3656 1453 3708 de
1472 3656 1639 3724 Agre-

598 3734 683 3787 da.
704 3737 964 3807 Γρακουρίς
983 3736 1355 3803 Ρωίοωωο,ἱιι
1378 3735 1640 3789 Vasconi-

596 3814 716 3867 hus.
746 3814 815 3868 H.
844 3828 899 3869 et
924 3818 1030 3870 En.

685 3897 773 3949 80.
806 3896 1137 3949 Leonicenses.
1162 3895 1445 3969 Oppidum
1474 3894 1640 3949 Ano-ei·

599 3995 667 4027 κα
694 3974 751 4027 in
781 3974 1033 4030 Edetania
1043 4015 1060 4041 ,
1090 3976 1376 4030 Ptolemae
1393 4016 1409 4043 ‚
1430 3976 1526 4029 lib·
1549 3977 1632 4039 H,

599 4074 714 4127 cap.
744 4060 777 4108 6
793 4096 808 4121 ,
834 4057 891 4109 in
918 4058 1112 4129 quibus
1134 4070 1214 4111 est
1236 4056 1350 4128 ipsa
1368 4058 1634 4111 Caesarau·

596 4148 775 4209 gusta,
801 4139 951 4207 cujus
994 4140 1113 4191 foro
1156 4139 1504 4191 Leonicenses
1543 4135 1626 4189 di·

1807 2531 1900 2586 83.
1933 2532 2324 2585 Arcobricemas.
2367 2530 2554 2587 Chiffl.
2597 2532 2771 2585 Arco-

1723 2611 1946 2665 hrae'enses.
1971 2604 2254 2684 Ᾰριιόΰριγα.
2275 2612 2506 2665 Ptolem.
2527 2612 2638 2665 loc.
2663 2613 2764 2665 eit.

1723 2691 1780 2743 in
1815 2705 1972 2762 gente
2009 2692 2424 2746 Celtiberorum.
2451 2690 2632 2745 Hodie
2667 2694 2776 2745 Los

1727 2770 1917 2836 Areos,
1940 2773 1996 2824 in
2025 2773 2196 2845 Rerno
2219 2772 2532 2825 deNaoarm
2549 2808 2570 2834 ,
2599 2772 2778 2827 leucis
2847 2784 2852 2803 ¹

1725 2852 1965 2923 quinque
1984 2853 2056 2906 ab
2080 2853 2303 2915 estella,
2327 2851 2614 2905 meridiem
2639 2872 2776 2906 ver·

1729 2950 1838 2986 sus.
1865 2932 1968 2986 En.

1808 3014 1906 3077 84.
1935 3012 2325 3082 Andologenses.
2353 3012 2440 3065 Ab
2460 3011 2738 3065 Andosma
2755 3052 2775 3077 ,

1728 3092 1980 3146 Navarra
2017 3090 2282 3163 oppidulo
2301 3130 2319 3155 ‚
2364 3092 2532 3146 leucis
2575 3110 2694 3146 1111
2743 3112 2776 3145 a

1731 3173 2030 3243 Pamphma,
2065 3172 2348 3226 meridiem
2371 3190 2577 3238 versus,
2597 3172 2774 3227 Prud.

1727 3250 1994 3307 Sandoval
2009 3292 2028 3317 ,
2057 3250 2204 3324 apud
2232 3253 2617 3319 officum-tum,
2643 3270 2776 3325 pag.

1731 3350 1828 3401 90,
1843 3334 1943 3388 hos
1957 3334 2260 3406 suspicatur
2281 3352 2480 3387 nomen
2497 3332 2776 3389 habuisse.

1729 3412 1798 3467 H.
1821 3426 1875 3467 et
1895 3412 2001 3466 En.

1809 3494 1907 3549 85.
1954 3494 2310 3547 Ameelitanos.
2347 3494 2432 3546 Ita
2455 3492 2614 3547 MSS.
2645 3512 2778 3547 om·

1725 3592 1839 3627 nes.
1868 3574 2173 3628 Antoninus
2201 3574 2260 3626 in
2283 3573 2482 3627 Itinere
2507 3574 2578 3626 ab
2603 3576 2779 3627 Astu·

1725 3654 1840 3708 rica
1863 3653 2206 3725 Burdigalam
2220 3694 2236 3717 ‚
2277 3654 2442 3707 hahet
2462 3652 2740 3707 Aracelim
2759 3694 2778 3719 ,

1727 3734 1814 3787 vel
1849 3736 2144 3797 Arocelim‚
2181 3752 2212 3787 a
2251 3732 2590 3805 Pompelone
2621 3752 2776 3787 mv,

1726 3814 1806 3869 M.
1849 3814 1911 3868 P.
1955 3817 2118 3868 Nunc
2154 3816 2353 3867 Huam
2392 3814 2642 3885 Araqan,
2681 3833 2778 3867 sex

1725 3895 1938 3949 circiter
1969 3895 2136 3948 leucis
2177 3913 2210 3947 a
2245 3895 2526 3965 Pamplona
2539 3930 2560 3957 ‚
2585 3912 2778 3947 versus

1725 3976 1851 4029 solis
1881 3992 2156 4041 oceasum,
2181 3987 2243 4027 ut
2275 3986 2420 4027 recte
2437 3973 2776 4027 Oihenartus

1721 4054 1888 4119 vidit,
1922 4055 1974 4107 in
2025 4055 2192 4109 Notit.
2228 4056 2458 4109 Vaseon.
2497 4073 2620 4127 pag.
2664 4073 2768 4124 9⁰·

1721 4136 1906 4189 Hsnn.
1935 4150 1986 4189 et
2015 4134 2123 4189 En.
