2950 5017
1142 419 1445 486 LIBER
1497 419 1625 487 VI.

2313 443 2452 513 727

298 551 569 645 ,phagos
604 565 881 635 vocant,
910 553 1327 647 serpentibus
1354 553 1536 622 vesci
1569 551 1840 638 assueti,
1865 575 2082 646 neque
2107 550 2236 620 alia
2271 553 2456 646 regio

308 656 595 726 fertilior
619 681 867 726 earum.

414 766 453 830 J
459 763 587 831 uba
606 817 627 845 ,
652 765 766 857 qui
786 763 1052 834 videtur
1084 763 1580 858 diligentissime
1604 777 1998 858 prosecutus
2027 763 2205 847 haec,
2233 764 2454 833 omisit
2491 789 2518 821 ²

310 869 379 935 in
414 867 547 938 hoc
588 883 809 939 tractu
843 861 1008 956 (nisi
1048 871 1103 940 si
1142 869 1621 966 exemplarium
1651 871 1890 940 vitium
1915 859 2052 958 est)
2090 872 2454 940 Berenicen

308 972 621 1059 alteram,
656 1000 805 1069 quae
836 977 1251 1071 Panchrysos
1271 975 1320 1000 ¹⁰
1356 977 1826 1071 cognominata
1861 991 2002 1046 est:
2049 989 2116 1046 et
2151 976 2454 1058 tertiam,

309 1105 457 1174 quae
496 1080 897 1174 Epidires¹¹,
930 1084 1255 1177 insignem
1288 1080 1459 1152 loco.
1493 1085 1616 1152 Est
1655 1083 1832 1152 enim
1864 1084 1989 1152 sita
2019 1084 2089 1150 in
2111 1079 2158 1106 ¹²
2193 1083 2454 1152 cervice

307 1245 433 1316 quia
448 1247 784 1317 serpentibus
804 1259 1110 1312 vescuntur,
1130 1247 1340 1318 Ophio-

306 1325 507 1396 phagos
552 1338 762 1380 vocant.
789 1351 811 1373 ι
860 1327 966 1378 Pro
1014 1327 1203 1378 Candei
1260 1327 1339 1378 le-

304 1405 445 1476 gisse
482 1424 539 1458 se
579 1405 639 1458 in
684 1406 969 1476 Pomponii
998 1405 1154 1460 Mela
1178 1405 1331 1460 MSS.

308 1483 589 1538 codicibus
618 1485 877 1550 Panclaeoeae',
911 1485 1057 1538 testis
1076 1498 1155 1538 est
1171 1485 1333 1539 Isaac.

309 1563 531 1616 Vossius
559 1564 616 1616 in
642 1564 781 1617 notis
794 1563 861 1616 ad
875 1565 1100 1628 Melam,
1121 1584 1177 1635 p.
1200 1565 1333 1634 293,

308 1645 458 1715 cujus
476 1641 693 1714 quidem
719 1643 821 1695 viri
853 1643 1015 1696 fldem
1034 1663 1143 1696 non
1160 1645 1332 1697 ausim

305 1723 407 1776 hac
484 1723 600 1775 vice
665 1735 932 1794 praestare.
1008 1724 1331 1778 Panchaiam

306 1803 453 1855 enim
489 1803 547 1854 in
578 1801 966 1874 Troglodytice
995 1804 1181 1859 ultima
1210 1822 1327 1856 ver·

306 1901 394 1934 sus
448 1894 717 1947 austrum,
772 1901 834 1934 ac
890 1881 1003 1934 fere
1061 1881 1131 1935 ad
1184 1884 1329 1937 sinus

304 1962 518 2014 Arabici
534 1961 998 2022 fauces,Veterum
1011 1981 1171 2014 nemo
1188 1981 1330 2015 unus

300 2041 519 2112 agnovit
570 2058 584 2091 :
628 2041 695 2092 ab
734 2059 795 2092 ea
842 2053 983 2094 certe
1025 2041 1328 2113 longissime

303 2120 511 2174 disertis
535 2121 717 2173 verbis
744 2119 975 2188 Plinius,
1000 2121 1095 2174 lib.
1113 2123 1164 2174 X
1181 2159 1197 2186 ,
1212 2139 1329 2192 cap.

307 2221 335 2254 a
356 2239 373 2264 ,
410 2198 649 2254 dissitam
692 2213 978 2264 asseverat,
1018 2218 1215 2272 nempe
1256 2200 1329 2254 ad

302 2280 443 2334 Solis
492 2281 683 2333 urbem
707 2319 723 2344 ,
792 2298 910 2351 quaa
964 2279 1021 2332 in
1071 2279 1329 2334 inferiore

299 2361 539 2430 AEgypto
579 2361 729 2430 juxta
770 2360 921 2412 Delta
967 2358 1070 2413 fuit
1114 2378 1127 2412 :
1163 2377 1325 2432 quam

299 2440 445 2491 enim
472 2439 609 2492 Solis
634 2440 823 2491 urbem
843 2477 858 2503 ,
880 2439 985 2491 hoc
1010 2452 1089 2492 est
1107 2477 1122 2503 ,
1150 2439 1329 2491 Helio·

300 2519 474 2589 polim
502 2518 709 2571 Plinius
748 2518 867 2572 loco
917 2518 1008 2570 cit.
1048 2518 1326 2580 Panchaia!

298 2611 541 2668 arrogat,
564 2596 704 2650 hanc
726 2596 869 2650 idem
894 2599 989 2650 lib.
1008 2598 1091 2664 V,
1114 2616 1231 2670 cap.
1254 2617 1287 2668 9
1308 2639 1325 2664 ,

298 2690 352 2730 et
378 2678 479 2730 isto
504 2695 663 2750 quem
686 2694 831 2729 nunc
857 2688 1143 2729 tractamus
1160 2716 1175 2740 ‚
1204 2696 1321 2749 cap.

301 2757 375 2820 34
392 2795 409 2822 ,
450 2775 563 2808 non
600 2757 793 2827 procul
828 2757 1071 2827 Memphi
1096 2757 1279 2809 statuit
1304 2777 1319 2810 :

296 2837 437 2890 hanc
458 2836 573 2908 ipse
596 2837 765 2898 Mela,
790 2837 878 2888 cui
900 2834 1091 2888 similia
1118 2836 1323 2889 Plinius

294 2915 443 2969 libro
474 2914 685 2968 decimo
714 2915 901 2977 refert,
924 2917 1161 2986 AEgypto
1183 2916 1321 2967 infe·

295 2995 431 3048 riori
474 2993 778 3067 adjudicat,
824 2994 919 3046 lib.
950 2995 1063 3060 111,
1104 3013 1221 3066 cap.
1253 2997 1322 3060 8,

296 3093 419 3146 pag.
442 3078 511 3127 62
546 3093 560 3127 ε
584 3101 608 3122 ι
625 3075 808 3139 Quum
826 3074 1045 3126 Phoenix
1059 3073 1317 3136 adolevit,

294 3155 473 3227 inquit
484 3193 499 3216 ,
518 3172 633 3206 ossa
647 3153 857 3224 pristini
868 3155 1107 3223 corporis
1118 3154 1323 3207 inclusa

296 3235 517 3306 myrrha
543 3236 833 3306 AEgypturn
863 3245 1131 3303 exportat,
1162 3245 1323 3305 atque

295 3313 357 3366 in
396 3316 592 3367 urbem
634 3329 799 3384 quam
840 3312 979 3364 Solis
1018 3312 1320 3384 appellant,

295 3405 400 3446 etc.
452 3419 475 3441 ι
514 3391 661 3458 Quin
702 3392 815 3463 ipse
856 3391 1073 3444 Groecus
1100 3403 1321 3457 auctor,

294 3491 458 3544 quem
482 3472 703 3524 Vossius
722 3469 905 3524 laudat
920 3471 1052 3525 locis
1074 3471 1165 3524 cit.
1179 3474 1323 3543 Παγ-

292 3553 445 3620 zaid-c
482 3553 596 3612 τοὺς
635 3555 776 3621 μέχρι
808 3558 904 3604 τῶν
952 3557 1034 3612 τῆς
1065 3553 1321 3621 Αἰγύπτου

297 3631 434 3702 ὁρίων
453 3633 702 3691 οἰκοῦντας
719 3671 733 3694 ,
749 3631 970 3702 AEgypti
982 3631 1181 3684 finibus
1196 3649 1323 3683 con-

293 3710 429 3764 fines
456 3710 585 3765 facit
614 3727 629 3761 ε
657 3711 875 3782 AEgypti
907 3728 1071 3781 porro
1100 3709 1321 3763 nomine

292 3792 459 3845 solam
486 3791 797 3842 inferiorem
840 3793 1167 3861 AEgyptuim
1206 3807 1317 3842 non

290 3871 453 3924 etiam
462 3866 795 3923 Thebaidem
818 3869 1142 3923 aVeteribus
1166 3886 1315 3922 com-

292 3946 557 4020 prehendi
572 3948 777 4014 ,notius
791 3961 870 4014 est
890 3967 1049 4018 quam
1070 3961 1129 4002 ut
1148 3947 1317 4018 expli·

296 4041 419 4082 catu
448 4041 623 4100 egeat,
663 4041 755 4081 aut
790 4029 1117 4100 argumentis
1160 4028 1313 4090 ullis,

1424 1259 1477 1298 et
1509 1264 1574 1299 ex
1602 1246 1666 1299 iis
1698 1265 1817 1318 quae
1843 1247 2073 1300 diximus
2097 1247 2194 1299 lib.
2221 1247 2276 1298 V
2292 1285 2308 1310 ,
2333 1265 2452 1317 cap.

1426 1343 1490 1393 9,
1539 1328 1890 1397 perspicuum
1941 1323 2152 1380 abunde
2193 1338 2290 1381 est.
2341 1326 2452 1391 Qui

1420 1423 1550 1458 vero
1579 1406 1768 1476 populi
1790 1406 1896 1460 hoc
1920 1406 2042 1460 loco
2064 1406 2402 1478 appellantur
2423 1424 2456 1460 a

1420 1483 1623 1550 Plinio,
1645 1485 1682 1537 ii
1705 1505 1816 1538 non
1835 1483 2001 1538 modo
2019 1504 2130 1538 non
2153 1487 2208 1538 in
2231 1485 2449 1556 AEgypti

1420 1563 1618 1616 vicinio
1669 1564 1816 1618 sedes
1861 1565 2060 1618 habent
2081 1602 2098 1628 ,
2164 1563 2258 1618 sed
2311 1565 2450 1619 ultra

1418 1640 1586 1713 ipsam·
1620 1661 1834 1714 quoque
1855 1643 2187 1697 Thebaidem
2221 1643 2403 1715 rejecti
2429 1681 2448 1708 ,

1417 1722 1575 1794 longa
1596 1734 1859 1777 terrarum
1879 1721 2282 1795 intercapedine
2299 1723 2368 1776 ab
2385 1741 2446 1776 ea

1416 1801 1555 1853 Solis
1603 1803 1736 1855 urbe
1787 1803 2069 1874 disjuncti,
2125 1821 2304 1856 versus
2348 1821 2444 1854 au·

1414 1893 1616 1945 strum,
1656 1895 1709 1934 et
1753 1883 1970 1936 Arabici
2005 1883 2152 1936 sinus
2172 1882 2442 1951 angustias

1414 1959 1684 2014 secedunt.
1713 1961 1897 2016 Hiar).

1505 2058 1588 2092 ιο.
1623 2042 1749 2110 Qua
1776 2043 2101 2111 Panchrysos.
2145 2039 2437 2110 Πάγχρυσον

1412 2119 1592 2173 Latini
1611 2132 1773 2173 totam
1803 2138 1870 2173 ex
1897 2139 2030 2176 auro
2055 2119 2244 2172 dicunt
2265 2117 2442 2190 :quod

1411 2197 1538 2251 inde
1556 2200 1673 2252 auri
1687 2200 1980 2271 plurimum
1999 2200 2300 2254 cruebatur.
2315 2197 2446 2252 Haec

1412 2279 1664 2331 Straboni
1737 2277 1938 2332 dicitur
2015 2279 2237 2350 Repe-siam
2307 2277 2443 2330 κατὰ

1411 2355 1582 2418 Σοίὸας
1598 2396 1615 2424 ,
1655 2358 1750 2412 lib.
1773 2360 1934 2424 XVI,
1965 2377 2082 2429 pag.
2105 2377 2177 2428 77
2195 2375 2241 2410 r.
2263 2354 2442 2410 Hodie

1411 2435 1552 2491 forte
1570 2437 1762 2490 Matala·
1774 2476 1790 2503 ,
1804 2440 1918 2491 sive
1935 2438 2118 2492 Solaka
2132 2477 2148 2500 ,
2169 2449 2226 2490 ut
2255 2437 2442 2508 opina·

1416 2529 1509 2568 tur
1536 2517 1858 2572 Gossanuit.
1879 2519 1983 2570 En.

1498 2613 1520 2648 1
1537 2613 1586 2650 1.
1616 2597 1742 2666 Quoe
1757 2598 2003 2667 Epidires.
2021 2597 2144 2650 Vct.
2155 2615 2240 2668 ap.
2255 2596 2438 2649 Dalec.

1407 2663 1506 2728 fini
1529 2677 1716 2745 Διῖρης.
1743 2677 1846 2729 En.
1891 2709 1970 2722 --
1997 2677 2114 2730 Hoc
2152 2689 2263 2740 est,
2296 2675 2442 2728 Dira

1408 2757 1778 2824 promontorio
1815 2755 2076 2828 adjacens·
2118 2756 2244 2821 Quo
2280 2756 2438 2826 plane

1408 2834 1572 2888 modo
1599 2836 1938 2888 Antiochiam
1979 2836 2062 2888 ἐπὶ
2116 2836 2306 2906 Δάφνης
2345 2853 2438 2887 co-

1406 2915 1708 2982 gnominari
1725 2914 1957 2968 vidimus
1971 2915 2113 2967 libro
2130 2915 2404 2986 superiore
2418 2955 2434 2979 ‚
2527 2971 2542 2990 .

1406 3009 1522 3064 cap.
1560 3012 1581 3047 1
1597 2997 1650 3048 8.
1672 2994 1924 3048 Meminit
1939 2999 2104 3066 Δειρῆς
2129 3007 2439 3065 promonto-

1406 3071 1504 3137 rii,
1529 3071 1825 3145 oppidique
1849 3073 2186 3144 cognominis
2213 3073 2402 3126 Strabo
2419 3113 2434 3138 ‚

1405 3151 1500 3205 lib.
1543 3152 1708 3218 XVI,
1753 3172 1875 3225 pag.
1918 3157 2062 3222 169,
2093 3154 2264 3224 ipsam
2303 3171 2433 3205 vero

1405 3231 1698 3285 Berenicen
1713 3271 1730 3298 ,
1745 3251 1866 3304 quai
1892 3252 2062 3304 prope
2082 3233 2270 3285 Diram
2295 3233 2399 3285 fuit
2416 3271 2432 3294 ,

1406 3323 1459 3364 et
1476 3311 1793 3365 Ptolemaeus
1807 3352 1824 3377 ,
1843 3312 2055 3377 lib.IV,
2071 3330 2188 3383 cap.
2211 3331 2266 3383 7,
2287 3312 2434 3364 Arsi-

1406 3408 1548 3444 noen
1579 3391 1867 3463 appellant.
1909 3392 2126 3445 Frustra
2169 3403 2293 3443 sunt
2335 3391 2432 3462 qui

1408 3470 1672 3541 Epitberas
1702 3471 1915 3542 legunt,
1937 3471 2118 3524 invitis
2137 3471 2290 3524 libris
2317 3489 2432 3524 om·

1407 3549 1568 3602 nibus
1581 3591 1598 3615 ,
1618 3549 1766 3622 quod
1791 3549 2164 3615 ptolemaidis,
2196 3567 2306 3602 non
2327 3552 2432 3604 Be-

1406 3628 1638 3692 renices,
1676 3646 1974 3700 cognomen
2005 3631 2212 3684 suissi.
2240 3631 2432 3683 -Be-

1405 3709 1588 3761 renice
1613 3709 1862 3780 Epidires
1884 3709 2058 3762 Baua!
2088 3707 2254 3762 hodie
2283 3729 2436 3763 voca·

1404 3800 1520 3854 tur,
1534 3799 1756 3841 auctore
1769 3789 2102 3853 Gossnunt,
2115 3807 2207 3860 op.
2218 3791 2312 3842 cit.
2326 3789 2432 3842 En.

1490 3885 1515 3920 1
1529 3887 1578 3922 a.
1603 3867 1796 3921 Cervice
1814 3869 1958 3937 longe
1971 3881 2296 3937 procurrente.
2309 3869 2434 3920 Vct.

1404 3965 1494 4019 ap.
1526 3948 1708 4003 Dalec.
1736 3951 1959 4002 cervicem
1988 3947 2131 4018 longe
2147 3967 2436 4020 procurren-

1410 4039 1520 4080 tem.
1548 4029 1656 4081 En.

2045 4123 2175 4220 46⁴
