2950 5017
331 2652 340 2663 a

360 442 503 573 468

895 488 973 555 C.
1027 488 1353 557 PLINII
1404 486 1634 555 NAT.
1688 485 1948 553 HIST.

467 610 694 716 (1111.)
736 620 902 688 Mox
944 617 1238 687 Idumaea
1280 618 1544 713 incipit,
1600 631 1669 686 et
1702 616 2079 705 Palaestina,
2110 617 2199 686 ab
2238 640 2501 689 emersu

362 731 659 807 Sirbonis
697 724 913 797 lacus⁷
932 778 952 812 ‚
997 748 1192 818 quern
1235 723 1505 817 quidam
1565 747 1667 794 cr.-
1714 747 1795 793 M.
1848 748 2164 819 passuum
2214 725 2505 796 circuitu

363 838 693 912 tradidere
727 852 743 895 τ
779 816 1198 901 Herodotus⁸
1243 832 1441 900 Casio
1484 831 1699 898 monti
1742 829 2061 925 applicuit
2101 855 2118 898 ε
2169 854 2351 901 nunc
2406 846 2507 901 est

362 946 554 1045 palus
587 940 867 1011 modica.
906 937 1176 1031 Oppida
1202 962 1218 1004 τ
1243 934 1763 1022 Rhinocolura9,
1780 950 1849 1005 et
1873 937 2053 1006 intus
2076 936 2506 1031 Rhaphea¹⁰:

366 1048 640 1137 Gaza¹⁸‚
675 1061 744 1116 et
781 1046 959 1114 intus
990 1041 1457 1113 Anthedon¹²z

1497 1067 1692 1111 mons
1732 1027 2104 1136 Angaris'³.
2138 1046 2353 1138 Regio
2386 1069 2508 1138 per

361 1245 562 1299 val.
587 1236 890 1292 Antoninus
909 1234 1034 1288 item
1065 1232 1123 1285 in
1144 1232 1390 1287 Itinerar.
1477 1236 1619 1287 hunt
1658 1221 1989 1305 i'tvoaedpoupa-
2030 1232 2213 1287 Han.
2247 1265 2328 1277 —-
2362 1234 2511 1287 Loco

369 1352 394 1374 ι
417 1319 695 1377 Ostracine
717 1316 961 1373 Cassium
976 1351 994 1380 ,
1016 1331 1173 1379 ³0:715
1200 1313 1392 1365 Penta-

362 1405 759 1466 schoenon,xx;
783 1393 1084 1458 Pelusium,
1109 1411 1199 1445 xx.
1225 1416 1247 1439 ι
1280 1393 1349 1444 Η.

447 1502 500 1553 7.
525 1480 742 1533 Sirbonis
769 1476 916 1527 lacus.
949 1472 1266 1536 Ptolemae,
1293 1472 1389 1524 lib.

361 1565 462 1621 lv,
487 1578 605 1629 cap.
635 1558 665 1611 5
683 1593 700 1618 ‚
731 1557 788 1607 iu
834 1550 1136 1613 Casiotide‚
1169 1554 1396 1621 ἔκρηγμα

363 1648 444 1713 Σιρ
450 1638 656 1698 &ovidae
667 1636 839 1705 λίμνης
857 1672 873 1697 ,
887 1633 1072 1703 eruptio
1085 1631 1280 1701 paludis
1293 1630 1399 1681 Sin·

363 1722 570 1775 benidis.
602 1718 742 1770 Cum
769 1711 1066 1783 Asphaltite
1092 1728 1283 1781 magno
1311 1728 1396 1762 er-

363 1820 488 1856 rore
526 1793 808 1853 confundit
841 1792 1060 1854 Strabo,
1100 1789 1200 1842 lib.
1229 1790 1394 1849 XVI,

367 1901 482 1953 cap.
515 1882 648 1949 762.
686 1868 1226 1927 Harum—Sirbonis
1247 1869 1400 1921 lacus

365 1976 513 2015 nunc
527 1954 716 2010 incolis
731 1950 962 2013 Scholia,
980 1948 1194 2001 Bae-doit
1201 1986 1217 2013 ‚
1233 1947 1290 2002 id
1303 1959 1401 2011 est,

373 2044 418 2095 Ie
441 2043 518 2093 lac
543 2038 610 2089 du
632 2036 706 2087 roi
732 2030 977 2085 Baudoae'n.
1002 2029 1106 2080 En.

457 2122 511 2173 8.
533 2114 828 2169 Herodotus.
856 2108 1046 2161 Thalia
1063 2144 1080 2169 ‚
1117 2106 1258 2159 libro
1285 2108 1371 2161 111
1387 2144 1406 2171 ,

369 2218 518 2254 num.
549 2197 610 2259 5,
639 2211 760 2265 pag.
790 2190 897 2244 163
926 2185 1201 2259 εΣιρΕωνὶς
1225 2188 1402 2257 λίμνη,

376 2277 494 2349 παρ’
523 2278 581 2334 ἣν
604 2269 671 2331 δὴ
703 2274 760 2325 τὸ
787 2270 974 2323 Κάσιον
1003 2268 1127 2339 ὅρος.
1155 2266 1343 2319 ΒΑΜ).

458 2375 512 2425 9.
526 2352 866 2407 Rhinocolura.
888 2346 1251 2400 Rhinocolura
1271 2364 1407 2417 quo-

376 2454 482 2508 que
527 2432 681 2487 Livio
698 2469 716 2493 ,
743 2430 840 2481 lib.
885 2426 1040 2478 XLV
1059 2464 1076 2491 ,
1101 2444 1218 2497 cap.
1251 2425 1280 2479 5
1298 2464 1314 2489 ‚
1354 2436 1412 2477 et

379 2514 662 2575 Straboni,
681 2510 779 2562 lib.
797 2507 959 2570 XVI,
975 2524 1030 2576 p.
1054 2506 1198 2574 759,
1221 2493 1412 2559 ῥινοκό-

377 2604 546 2666 λουρα..
575 2591 772 2644 Seneca
786 2624 800 2645 ‚
822 2584 890 2639 de
907 2585 1131 2649 Ira,lib.
1150 2584 1265 2649 111,
1293 2600 1412 2655 cap.

389 2692 486 2737 ao,
509 2691 562 2744 p.
595 2670 738 2739 594:
767 2691 791 2714 ι
813 2667 925 2718 Rex
944 2665 1224 2717 Persarum
1248 2663 1414 2716 totius

385 2751 576 2825 populi
601 2764 756 2801 nares
773 2741 968 2799 recidit
990 2742 1048 2795 in
1072 2743 1224 2814 Syria
1245 2760 1259 2795 :
1286 2740 1414 2795 inde

385 2828 748 2886 Rhinocolura
791 2823 899 2877 loci
931 2840 1128 2875 nomen
1175 2834 1268 2875 est.
1287 2848 1310 2869 ι
1344 2823 1418 2875 At

387 2908 694 2983 sopiuscule
716 2906 914 2958 Seneca
929 2902 985 2955 in
1003 2902 1224 2955 historia
1241 2901 1418 2953 nomi-

386 2992 652 3060 nibusque
675 2982 989 3037 sublabitur.
1023 2978 1293 3034 Diodorus
1311 2980 1416 3033 Sic.

391 3069 530 3123 Bibl.
551 3067 648 3119 lib.
677 3066 730 3129 1,
748 3080 868 3135 pag.
899 3062 970 3115 55
987 3061 1117 3125 ,hoc
1137 3059 1422 3132 AEthiopiae

392 3149 506 3221 regi
527 3144 806 3207 adscribit,
825 3140 986 3213 idque
1005 3159 1033 3194 a
1047 3139 1253 3193 diversa
1269 3138 1423 3193 valde

394 3246 548 3283 causa
563 3246 579 3279 =
598 3221 898 3293 benignitas
909 3220 1054 3273 enim
1077 3234 1130 3273 et
1152 3220 1423 3273 miseratio

397 3309 516 3363 fuit.
551 3306 606 3359 Is
641 3306 871 3375 AEgypto
916 3300 1158 3363 subacta,
1193 3300 1424 3353 latrones

399 3406 533 3461 quos
551 3394 768 3453 ceperat
780 3419 799 3446 ,
819 3378 1062 3433 acerbius
1073 3390 1220 3431 ratus
1240 3396 1428 3431 omnes

398 3468 520 3522 neci
555 3465 686 3518 dare
712 3500 728 3528 ‚
771 3458 917 3531 quod
959 3476 1154 3530 magno
1199 3474 1428 3510 numero

403 3557 584 3610 erant;
613 3541 849 3613 iniquius
871 3538 1098 3609 impune
1123 3535 1391 3589 dimittere
1408 3554 1428 3590 a

403 3628 474 3680 ita
501 3622 731 3677 mediam
761 3619 902 3672 viam
946 3616 1104 3688 legit,
1127 3628 1188 3669 ut
1215 3616 1432 3669 resectis

405 3705 624 3758 naribus
639 3739 658 3766 ‚
708 3716 816 3770 quo
857 3694 1322 3766 dignoscerentur,
1371 3696 1430 3747 in

405 3782 627 3839 desertis
664 3776 883 3849 AEgypti
911 3775 1107 3828 finibus
1127 3774 1302 3828 colere
1319 3778 1432 3846 jus-

407 3864 562 3917 serit.
601 3860 734 3913 urbe
755 3857 832 3909 ibi
857 3866 1085 3920 structa,
1112 3854 1201 3907 cui
1228 3873 1257 3907 a
1287 3872 1348 3907 re
1379 3866 1433 3907 et

409 3943 542 3998 facie
565 3954 761 3993 nomen
779 3952 905 3989 esse.
929 3934 1106 3988 Graeci
1133 3934 1277 3986 enim
1297 3936 1431 4004 ῥῖναι,

407 4038 621 4083 nasum,
657 4018 904 4086 κόλουρον,
933 4026 1198 4067 curtatum
1227 4011 1431 4067 dicunt.

407 4102 720 4155 Ptolemaeus
735 4107 911 4148 tamen
923 4105 978 4147 et
994 4092 1294 4164 Stephanus
1310 4093 1434 4147 scri.

1481 1314 1625 1367 dicto
1638 1331 1783 1366 nunc
1800 1312 2045 1365 Et-Arish
2066 1314 2163 1367 sita
2182 1314 2309 1379 fuit,
2330 1328 2512 1367 aucto-

1482 1412 1544 1448 re
1564 1392 1891 1445 n’Anvrnm.
1917 1392 2021 1445 En.

1570 1491 1655 1527 10.
1684 1471 1930 1543 leploea.
1952 1470 2256 1542 Stephanus
2270 1509 2287 1537 ,
2306 1462 2513 1543 ῥάφιια,

1484 1554 1623 1613 πόλις
1646 1551 1838 1621 Συρίας.
1881 1552 2072 1603 Strabo
2089 1590 2106 1616 ,
2132 1550 2229 1604 lib.
2261 1552 2514 1622 xvlff.

1488 1632 1601 1703 759
1620 1670 1636 1695 ,
1661 1620 1857 1700 ῥαφία,
1888 1630 2022 1701 μετὰ.
2048 1630 2214 1691 Γάζαν
2233 1669 2248 1695 ,
2265 1643 2392 1701 post
2414 1630 2518 1684 Ga-

1486 1728 1601 1765 zam
1636 1710 1875 1781 sequitur
1908 1710 2165 1781 Rhaphia.
2184 1710 2352 1763 Distat
2366 1730 2395 1763 a
2409 1711 2518 1764 Ga·

1486 1809 1567 1853 za,
1580 1802 1671 1843 eta
1688 1790 2075 1855 Rhinocolura,
2088 1790 2203 1860 pari
2219 1790 2521 1857 intervallo,

1487 1887 1607 1923 xxxx
1627 1886 1691 1922 rs.
1715 1888 1768 1921 r.
1791 1868 1935 1939 apud
1959 1870 2311 1923 Antoninum.
2335 1870 2519 1923 Ham).

1489 1982 1570 1993 —
1597 1947 1844 2001 Nominis
1877 1948 2094 2019 vestigia
2139 1962 2337 2009 servat,
2378 1967 2523 2003 nunc

1493 2029 1654 2095 Refah
1686 2026 1827 2081 dicta
1865 2026 2143 2081 Abulfedae
2185 2046 2350 2101 quem
2396 2030 2527 2083 citat

1494 2108 1801 2163 n’Anvrun
1818 2146 1834 2171 ,
1854 2108 2109 2160 Me'moires
2127 2126 2213 2160 sur
2240 2092 2485 2181 I'E'gypte
2502 2148 2519 2173 ‚

1494 2206 1615 2261 pag.
1646 2193 1767 2239 103.
1794 2187 1901 2239 En.

1581 2285 1669 2320 ιι.
1706 2264 1871 2320 Gaza.
1907 2291 1931 2314 ‹-
1953 2268 2041 2321 Sic
2074 2268 2246 2321 Persae
2282 2268 2525 2321 ararium

1494 2360 1715 2409 vocant,
1734 2345 1911 2418 inquit
1930 2346 2071 2400 Mela
2085 2385 2101 2411 ,
2120 2360 2173 2400 et
2187 2345 2315 2399 inde
2328 2365 2527 2399 nomen

1497 2440 1575 2479 est
1592 2468 1609 2491 ‚
1646 2424 1797 2496 quod
1834 2444 2001 2497 quum
2042 2427 2328 2500 Cambyses
2370 2425 2533 2479 armis

1498 2510 1791 2578 AEgyptum
1812 2518 2040 2577 peteret,
2054 2505 2162 2560 huc
2178 2506 2303 2561 belli
2332 2518 2385 2559 et
2402 2523 2533 2577 opes

1500 2598 1555 2639 et
1582 2582 1863 2656 pecuniam
1908 2584 2176 2639 intulerat.
2205 2611 2228 2632 ι
2268 2586 2439 2639 Distat
2463 2585 2531 2637 ab

1500 2665 1757 2717 Ascalone
1780 2664 1946 2728 Gaza,
1966 2662 2143 2718 littore
2178 2666 2338 2717 maris
2361 2663 2533 2719 medi·

1502 2743 1758 2808 terranei,
1770 2762 1863 2797 xvr
1880 2760 1946 2797 n.
1961 2762 2011 2796 r.
2029 2744 2347 2798 Etiamnunc
2365 2744 2530 2799 Gaza.

1505 2820 1689 2873 Hann.
1727 2832 1779 2872 et
1805 2820 1911 2873 En.
2054 2819 2061 2823 '

1593 2919 1682 2955 12.
1709 2901 1991 2955 Anthedon.
2036 2894 2269 2959 Avo-128&
2308 2903 2535 2956 Ptolem.

1505 2983 1544 3036 l.
1568 2982 1667 3040 lv,
1694 3000 1742 3034 c.
1768 2982 1798 3035 5
1817 3019 1834 3046 ,
1855 2982 1909 3035 in
1930 2980 2239 3037 Cassiotide.
2258 2980 2535 3035 Palestinae

1506 3062 1575 3115 ab
1596 3060 1866 3132 Hesychio
1886 3072 2220 3127 accensetur,
2245 3080 2299 3132 p.
2325 3062 2449 3115 103.
2466 3061 2539 3115 H.

1597 3139 1686 3193 13.
1741 3139 1981 3210 Augai-is.
2033 3142 2115 3195 Ita
2152 3141 2279 3193 libri
2333 3158 2535 3194 omnes.

1510 3219 1819 3273 Ariolantur
1832 3257 1850 3286 ,
1875 3222 1969 3292 qui
1986 3220 2303 3292 permutatis
2322 3220 2540 3291 syllabis

1510 3298 1615 3369 legi
1649 3311 1841 3370 putant
1880 3314 2129 3371 oportere
2162 3299 2431 3365 Garizein,
2452 3300 2539 3351 vel

1518 3378 1741 3432 Gerizim
1758 3415 1774 3444 ,
1800 3379 1893 3450 qui
1932 3398 2087 3433 mons
2126 3380 2375 3433 Samaria
2400 3379 2538 3433 cele-

1514 3458 1777 3511 bei-rimus
1798 3496 1814 3521 ,
1854 3478 2023 3531 prope
2066 3458 2349 3530 Neapolim
2374 3499 2390 3524 ,
2422 3476 2543 3530 quo

1515 3537 1665 3608 prius
1686 3536 1915 3591 sichima
1938 3536 2249 3592 dicebatur:
2276 3550 2335 3591 ut
2352 3538 2545 3591 scimus

1517 3634 1581 3670 ex
1606 3617 1641 3669 J
1644 3616 1786 3670 udic.
1816 3618 1911 3671 lib.
1948 3618 2053 3683 IV,
2090 3636 2207 3689 cap.
2246 3637 2297 3670 2.
2320 3618 2374 3669 Is
2400 3618 2543 3670 enim

1517 3696 1584 3749 ab
1610 3695 1924 3749 Anthedone
1951 3709 2006 3750 et
2026 3698 2309 3758 Ascalone.
2351 3716 2461 3769 quo
2488 3698 2545 3750 in

1518 3785 1691 3829 tractu
1748 3774 2101 3830 describendo
2156 3777 2362 3830 Plinius
2402 3796 2546 3831 nunc

1518 3854 1756 3919 habitat,
1806 3856 1989 3909 multis
2016 3874 2263 3927 passuum
2310 3857 2549 3910 millibus

1519 3930 1859 4006 disjungitur.
1900 3934 2081 3991 Hann.
2114 3966 2198 3979 —-
2236 3937 2364 4007 Leg.
2414 3956 2547 3989 mons

1522 4013 1754 4084 Argaris.
1795 4015 1878 4067 Ita
1906 4016 2060 4071 MSS.
2110 4016 2239 4087 neg.
2289 4033 2312 4068 1
2334 4052 2351 4077 ‚
2384 4037 2449 4081 a,
2494 4028 2548 4068 et

1522 4091 1689 4147 editio
1717 4093 1982 4166 princeps.
2010 4095 2154 4149 Male
2176 4094 2295 4168 MS.
2312 4095 2442 4166 Reg.
2476 4094 2507 4151 5
2529 4133 2549 4163 ‚
