2950 5017
577 470 720 522 110

1107 448 1183 516 C.
1241 444 1587 515 PLINII
1642 442 1862 515 NAT.
1920 442 2175 513 HIST.

565 566 828 679 patent⁴
863 563 1086 647 ηπῶς
1107 600 1187 647 m.
1227 601 1396 671 pass.
1430 562 1730 647 Absunt⁶
1764 602 1805 645 a
1832 576 2081 645 Dianio
2112 576 2547 671 septingentis
2586 588 2714 645 sta·

569 690 732 759 diis:
763 684 1040 756 totidem
1065 684 1380 753 Dianium
1407 708 1533 779 per
1554 686 2007 754 continentem
2027 708 2067 752 a
2080 682 2489 776 Carthagine
2506 704 2705 751 nova.

569 792 1014 863 Tantumdem
1037 790 1062 831 ⁷
1105 814 1146 859 a
1182 792 1462 885 Pityusis
1498 794 1565 861 in
1602 789 1847 875 altum,
1884 774 2226 859 Baleares⁸
2258 788 2443 871 duae,
2482 802 2553 857 et
2592 790 2714 857 Su·-

567 898 868 971 cronem⁹
886 923 1114 967 versus
1130 898 1548 967 Colubraria.
1576 896 1879 967 Baleares
1899 895 2107 966 funda
2132 894 2507 982 bellicosas,
2522 897 2711 965 Grae·

569 1010 630 1077 ci
655 1006 1054 1101 Gymnasias
1079 1002 1320 1073 dixere.
1347 1004 1575 1098 Major
1590 1002 1640 1031 ¹⁰
1662 1018 1931 1073 centum
1960 1026 2037 1073 Μ.
2062 1026 2232 1099 pass.
2262 1000 2677 1094 longitudine
2692 1052 2713 1087 ,

654 1238 710 1296 4.
755 1230 938 1283 Pacem
981 1227 1190 1281 XLVI.
1239 1228 1424 1280 Ebuso
1471 1227 1567 1279 uni
1586 1266 1603 1293 ,

573 1330 694 1384 qno
735 1310 974 1381 gemina,
1021 1326 1053 1360 a
1099 1306 1276 1360 Plinio
1325 1304 1605 1377 proditur,

579 1404 780 1445 tantam
809 1385 1220 1460 amplitudinem
1238 1426 1253 1452 ,
1290 1399 1450 1458 atque
1473 1386 1608 1439 adeo

581 1476 834 1537 majorem
858 1507 873 1529 ,
921 1468 1109 1521 Strabo
1147 1464 1420 1538 adjudicat
1450 1506 1464 1531 ,
1508 1466 1605 1521 lib.

575 1552 696 1617 111,
743 1567 864 1621 pag.
907 1552 1042 1619 1673
1083 1564 1278 1618 nempe
1315 1544 1605 1599 stadiorum

577 1650 704 1687 ccco
725 1631 832 1683 hoc
849 1641 948 1690 est,
971 1647 1024 1681 1..
1046 1646 1114 1681 κ.
1143 1646 1279 1699 pass.
1295 1627 1610 1697 Agathemc-

577 1731 670 1765 rus
685 1748 703 1771 ,
721 1708 1025 1780 Geograph.
1043 1707 1141 1759 lib.
1155 1708 1211 1773 1,
1235 1724 1353 1777 cap.
1374 1705 1402 1759 5
1420 1706 1611 1778 ,gemi-

577 1810 730 1856 nam‚
755 1802 818 1842 nt
855 1786 1095 1852 Plinius,
1133 1786 1370 1838 Ebusum
1411 1788 1606 1839 novit:

577 1872 836 1943 majorem
853 1866 1402 1931 trecentis,minorem
1423 1864 1609 1919 stadiis

578 1962 792 2003 centum
820 1961 1118 2019 porrectam
1139 1964 1152 1999 ε
1175 1944 1232 1997 id
1249 1944 1397 2015 quod
1419 1945 1609 1999 eodem

577 2028 791 2083 recidit.
821 2028 1007 2080 Hann.
1043 2054 1124 2066 —·-
1153 2027 1232 2078 Re
1279 2034 1454 2077 autem
1484 2044 1608 2078 vera

577 2128 746 2163 xxxtv
773 2126 839 2161 κ.
859 2126 995 2180 pass.
1017 2107 1130 2159 sive
1145 2122 1366 2158 conxxn
1399 2103 1608 2170 stadiis,

579 2202 764 2261 patent
794 2188 978 2241 insul-
1013 2187 1152 2250 ista,
1173 2203 1206 2237 a
1235 2186 1610 2255 promontorio

579 2266 998 2342 septemtrionali
1021 2265 1187 2318 Ebusi
1203 2302 1219 2329 ,
1237 2266 1403 2316 Punea
1423 2266 1611 2319 deser»

581 2370 638 2401 ra
657 2348 830 2413 dicto,
874 2346 943 2400 ad
985 2345 1211 2399 australe
1249 2344 1611 2399 Formenterae

578 2427 1012 2501 promontorium
1030 2463 1046 2488 ‚
1068 2425 1235 2475 Puma
1247 2424 1308 2475 de
1321 2426 1370 2476 la
1383 2426 1438 2477 A
1441 2427 1611 2497 aguila

579 2521 766 2563 vocato
781 2528 797 2573 ;
811 2524 1004 2577 nempe
1024 2505 1234 2557 Ebusus
1251 2522 1368 2556 xxu
1390 2521 1453 2558 nt.
1475 2524 1609 2576 pass.

579 2607 671 2643 seu
712 2606 907 2641 cmxxv
956 2582 1172 2649 stadii-,3
1220 2583 1415 2637 fretum
1461 2604 1495 2638 v
1542 2605 1610 2639 rc.

580 2686 717 2740 pass.
751 2686 842 2721 seu
861 2683 931 2719 x1.
962 2662 1162 2727 stadiis,
1187 2676 1240 2717 et
1263 2664 1304 2715 F
1305 2676 1611 2719 ormentera

579 2766 664 2801 vn
691 2766 754 2801 x.
783 2765 918 2818 pass.
939 2764 1032 2797 seu
1065 2762 1158 2796 va
1182 2742 1380 2797 stadiis.
1401 2745 1507 2799 En.

667 2830 720 2883 5.
739 2828 944 2879 XLVI.
963 2823 1052 2877 Sic
1067 2823 1210 2896 apud
1224 2822 1408 2877 Chim.
1425 2826 1607 2878 Dalec.

579 2922 634 2962 ct
663 2909 780 2960 Elz.
807 2906 1020 2958 XLIII.
1042 2906 1145 2957 En.

663 2992 718 3042 6.
751 2986 950 3039 Abstine
993 3004 1024 3035 α
1070 2984 1260 3035 Dianio
1296 2988 1609 3055 septingentis

579 3068 772 3121 stadiis.
813 3064 990 3118 Dalec.
1029 3077 1083 3117 et
1107 3064 1222 3116 Elz.
1253 3064 1464 3116 Dionea.
1496 3064 1611 3117 Ho-

581 3148 672 3203 die
695 3148 860 3198 Dem’a
881 3182 898 3206 ,
926 3143 1194 3215 Hispania
1219 3141 1485 3215 oppidum
1500 3184 1516 3210 ,
1552 3146 1609 3197 in

581 3246 678 3281 orn
688 3244 808 3298 quas
831 3224 1060 3296 Pitynsis
1078 3224 1385 3294 opponitur,
1407 3224 1608 3295 septin.

579 3320 862 3381 gentorum
885 3302 1176 3358 stadiorum
1194 3342 1208 3367 ,
1223 3316 1282 3355 nt
1305 3304 1498 3356 Noster
1514 3306 1608 3369 ait,

580 3406 672 3441 een
718 3386 877 3439 unius
919 3381 1118 3456 gradus
1158 3383 1467 3448 intervallo,
1500 3384 1611 3437 sive

582 3486 684 3521 xxv
701 3468 869 3519 leucis
881 3464 1097 3537 gallicis.
1121 3463 1276 3515 Errat
1297 3478 1474 3516 autem
1501 3461 1610 3516 Pli-

581 3548 702 3601 nius
715 3588 731 3613 ,
755 3564 930 3617 quum
951 3541 1106 3598 addit
1149 3543 1344 3596 totidem
1371 3544 1609 3596 Dianium

575 3646 667 3697 per
704 3630 1016 3679 continentem
1043 3644 1074 3675 a
1105 3622 1405 3693 Carthagine
1457 3644 1577 3677 nova
1589 3646 1611 3687 ,·

581 3725 704 3758 nam
753 3722 864 3758 xm
907 3703 1072 3757 leucis
1115 3722 1228 3755 non
1267 3703 1497 3775 amplius
1536 3716 1613 3756 est

581 3785 919 3838 intervallum
945 3780 1104 3837 istud.
1123 3784 1232 3835 En.

665 3882 718 3934 7.
766 3864 1078 3916 Tantumdem
1119 3882 1150 3913 a
1191 3863 1408 3936 Pityusis
1448 3867 1503 3915 in
1536 3864 1612 3916 el-

583 3958 700 3997 tum·
735 3946 891 3997 Errat
919 3945 1076 3998 etiam
1101 3943 1192 3997 hic
1221 3944 1446 4009 Noster-3
1488 3962 1614 3997 nam

579 4044 674 4078 xrx
699 4022 896 4089 leucis,
940 4024 1047 4079 sive
1090 4041 1252 4077 nxxn
1291 4022 1472 4077 stadiis
1502 4034 1615 4077 tan·

580 4118 695 4158 tum
710 4142 726 4170 .
754 4105 993 4159 Baleares
1037 4122 1068 4157 a
1110 4104 1342 4173 Pityusis
1381 4102 1610 4172 distant,

1690 1226 1937 1298 proximo
1990 1225 2211 1299 quidem
2258 1226 2556 1281 intervallo.
2608 1226 2719 1280 En.

1776 1310 1829 1363 8.
1861 1308 2111 1361 Baleares.
2139 1309 2271 1361 Eam
2290 1324 2477 1361 vocem
2501 1306 2722 1361 emh-

1689 1387 1987 1459 ginensium
2011 1388 2214 1459 lingua,
2230 1385 2421 1440 fundas
2442 1387 2721 1441 bellicosas

1691 1466 2013 1539 significare,
2032 1480 2219 1521 auctor
2236 1478 2313 1520 est
2339 1468 2723 1538 Agathemerus

1692 1547 1795 1600 loc.
1819 1548 1914 1601 cit.
1932 1545 2094 1600 Diod.
2118 1546 2224 1601 Sic.
2255 1548 2285 1601 5
2300 1584 2317 1611 ,
2342 1547 2482 1599 Bihl.
2504 1566 2563 1618 p.
2584 1564 2722 1619 ²97⁹

1692 1627 1934 1681 Baleares
1954 1626 2121 1681 dictas
2146 1638 2305 1699 putat
2342 1628 2441 1681 ἀπὸ
2473 1634 2559 1681 τοῦ
2594 1628 2724 1681 Βέλ-

1691 1714 1823 1772 λιιν,
1856 1726 1885 1759 a
1912 1705 2229 1779 jaculando:
2250 1705 2722 1778 Γυμνησίω,ςιιοᾶ

1694 1804 1920 1857 corpore
1966 1784 2114 1839 nudo
2164 1786 2353 1839 incolae
2406 1786 2727 1841 incederent

1693 1884 1793 1937 per
1816 1878 2061 1919 oestatem.
2088 1864 2299 1933 Livius,
2326 1868 2383 1920 in
2415 1868 2562 1937 Epir.
2592 1867 2727 1921 libri

1694 1948 1816 2009 LX,
1842 1947 1927 1999 vel
1962 1964 1991 1998 a
2024 1947 2114 1999 teli
2148 1946 2337 2012 missu,
2368 1948 2449 2000 vel
2490 1964 2521 1999 a
2556 1948 2726 2001 Baleo

1694 2027 1939 2079 Herculis
1971 2027 2167 2079 comite
2192 2027 2268 2079 ibi
2290 2028 2507 2091 relicto,
2548 2044 2728 2099 quum

1694 2104 1947 2159 Hercules
1980 2104 2049 2158 ad
2090 2106 2397 2177 Geryonem
2435 2108 2726 2178 navigaret.

1694 2185 1839 2239 Vide
1856 2188 2015 2239 etiam
2036 2187 2265 2239 Tzetzen
2282 2226 2297 2252 ,
2332 2188 2389 2239 in
2408 2188 2727 2258 Lycophro-

1694 2284 1845 2331 nem,
1874 2285 1990 2337 pag.
2018 2276 2113 2334 94.
2137 2267 2315 2320 lium.

1779 2364 1833 2414 9.
1895 2345 2154 2399 Sucronem
2204 2366 2357 2400 versus
2406 2346 2723 2401 Colubraria.

1696 2425 2013 2479 Colubraria
2037 2425 2228 2492 hodie,
2259 2425 2594 2492 utdiximns,
2614 2444 2725 2479 non

1696 2524 1801 2559 una
1834 2518 2071 2571 tantum,
2094 2505 2187 2559 sed
2218 2507 2398 2578 plures
2424 2506 2609 2559 insula
2634 2524 2729 2558 eo·

1696 2584 1821 2639 dem
1846 2586 2095 2650 nomine,
2134 2584 2285 2657 qnod
2312 2586 2535 2658 paulum
2562 2606 2593 2639 a
2634 2604 2729 2637 ve·

1696 2667 1799 2719 teri
1818 2663 2085 2718 diversum
2108 2664 2274 2719 bodie
2302 2666 2607 2719 Cohembme
2628 2676 2727 2719 est.

1698 2744 1821 2799 Non
1855 2758 2060 2811 autem,
2086 2758 2148 2798 ut
2174 2745 2249 2798 ait
2274 2746 2498 2810 Noster,
2526 2748 2729 2799 sacro·

1695 2844 1819 2878 nem
1845 2842 2060 2889 versun
2092 2826 2161 2877 ab
2188 2828 2325 2878 ostio
2352 2827 2496 2878 enim
2524 2828 2731 2881 Sucro·

1694 2905 1781 2959 nis
1810 2904 2076 2970 fluminis,
2112 2904 2183 2957 dc
2226 2922 2331 2977 qua
2370 2906 2567 2960 Noster
2606 2927 2728 2981 cap.

1701 2990 1733 3047 4
1764 2984 2039 3049 meminit,
2074 3002 2190 3038 xm
2221 2986 2436 3039 circiter
2456 2986 2623 3041 leucis
2640 2986 2733 3043 di-

1696 3076 1797 3117 stat
1824 3064 2140 3118 Colubraria
2156 3103 2173 3131 ,
2194 3066 2421 3136 parique
2444 3066 2730 3123 intervallo

1698 3145 1765 3198 ab
1790 3146 1989 3197 Ebus0.
2006 3146 2112 3198 En.

1784 3242 1875 3279 10.
1902 3224 2072 3295 Alsajor
2100 3236 2284 3277 centum
2316 3230 2390 3278 M.
2406 3246 2539 3297 pass.
2562 3228 2731 3298 longi·

1700 3304 1875 3357 tudine.
1904 3306 2050 3373 Lego
2074 3308 2129 3355 C.
2151 3309 2227 3358 M.
2252 3324 2382 3377 pass.
2406 3320 2481 3359 est
2510 3309 2730 3378 longim-

1698 3384 1833 3449 dine,
1854 3402 1917 3437 ex
1947 3384 2062 3439 MS.
2080 3388 2209 3455 neg.
2249 3405 2271 3439 1
2290 3426 2305 3448 ,
2324 3384 2561 3441 editione
2574 3388 2730 3459 prin·

1700 3465 1819 3535 cipe
1862 3478 1917 3517 et
1949 3466 2030 3519 Cl.
2070 3467 2387 3519 Rezzonico.
2430 3468 2603 3521 Bnor.
2646 3500 2729 3510 -

1702 3543 2070 3598 Artemidorus
2102 3545 2251 3618 apud
2296 3547 2577 3618 Agathem.
2604 3548 2732 3601 loco

1700 3625 1862 3677 citato
1879 3664 1895 3689 ‚
1930 3624 2101 3679 stadia
2138 3627 2287 3679 mille
2316 3640 2368 3680 et
2394 3626 2631 3681 ducenta
2654 3626 2739 3681 ait

1700 3704 1975 3758 continere
1990 3744 2006 3771 ,
2049 3724 2167 3777 quae
2210 3720 2335 3760 sunt
2380 3726 2631 3778 passuum
2661 3726 2737 3761 cr.

1702 3785 1901 3850 millia3
1935 3803 2053 3854 quaa
2094 3784 2311 3857 quidem
2334 3806 2599 3841 mensura
2626 3808 2737 3843 ve·

1701 3882 1824 3917 rum
1870 3864 2162 3919 excedunt:
2184 3886 2293 3919 non
2332 3867 2474 3921 enim
2500 3871 2745 3940 amplior

1701 3962 1805 3997 mxx
1832 3960 1895 3997 m.
1939 3964 2074 4016 pass.
2114 3960 2193 4000 est
2218 3947 2447 4000 Balearis
2476 3950 2699 4019 majoris
2718 3990 2741 4013 ‚

1699 4042 1860 4095 quam
1904 4028 2225 4080 recentiores
2271 4027 2493 4098 Hispani
2535 4042 2743 4083 vocant

1700 4104 1945 4159 Mallon-a
1966 4145 1983 4171 ‚
2005 4105 2298 4177 longitudo.
2314 4106 2418 4159 En.
