2950 5017
647 476 798 563 384

1193 420 1925 549 c.PL1NliNA1.
1986 479 2230 548 Η15Τ.

637 610 904 693 lavere,
957 607 1068 678 alii
1109 610 1469 704 Magnum,
1524 609 1717 680 multi
1758 606 2285 705 Olisiponeuse¹⁰
2287 661 2308 696 ,
2356 609 2445 678 ab
2502 609 2791 704 oppido,

575 743 603 775 π
642 732 852 785 terras
871 713 943 802 ¹¹,
971 717 1217 802 maria,
1245 714 1478 785 caelum
1514 715 2001 786 disterminaus.
2038 714 2165 785 Illo
2194 714 2427 787 finitur
2450 717 2793 811 Hispaniae

641 821 812 891 latus
835 819 906 908 ⁸³,
942 836 1011 889 et
1053 846 1092 891 a
1135 822 1416 891 circuitu
1472 822 1614 915 ejus
1669 821 1940 917 incipit¹
1946 808 2189 891 ³frons
2214 814 2463 911 (xn1):
2488 836 2791 917 septem-

641 930 770 998 trio
831 928 989 997 hinc
1009 982 1028 1015 ‚
1117 918 1629 1023 Oceanusque¹⁴

1694 928 2029 1027 Gallicus,
2094 952 2371 997 occasus
2428 926 2673 1057 ἰξΠίῑιο,
2724 942 2791 999 et

642 1036 952 1103 Oceanus
988 1032 1374 1104 AtlanticuS.
1417 1036 1871 1106 Promontorii
1918 1059 2271 1104 excursum
2316 1031 2447 1103 Lx*
2524 1058 2610 1107 u.
2650 1058 2793 1129 pro-

641 1139 903 1271 didesre,
957 1138 1066 1210 alii
1107 1164 1194 1211 xc
1240 1164 1322 1211 Μ.
1376 1164 1547 1236 pass.
1616 1142 1721 1210 Ad
1762 1144 2151 1235 Pyrenaeum
2190 1140 2346 1209 inde
2396 1165 2543 1209 non
2594 1143 2789 1236 pauci

639 1246 776 1317 xn¹
781 1232 1327 1341 ⁶quinquaginta
1370 1245 1607 1333 millia,
1652 1262 1719 1317 et
1762 1248 1853 1315 ibi
1885 1262 2149 1342 gentem
2186 1246 2607 1327 Artabrum,
2649 1270 2791 1341 quae

641 1378 1004 1447 numquam
1033 1352 1190 1437 fuit,
1215 1352 1635 1423 manifesto¹⁷
1662 1378 1908 1423 errore.
1939 1352 2333 1422 Arrotrebas
2362 1354 2551 1421 enim
2572 1406 2593 1441 ‚
2624 1376 2786 1449 quos

641 1474 794 1529 ante
859 1456 1186 1529 Celticum
1223 1458 1507 1529 diximus
1556 1460 2128 1554 promontorium,
2163 1458 2295 1529 hoc
2342 1459 2413 1528 in
2462 1458 2625 1531 loco
2680 1484 2787 1555 po-

642 1589 832 1635 suere
875 1563 1107 1633 litteris
1150 1568 1566 1659 permutatis.

747 1674 1058 1741 Erratum
1087 1686 1157 1740 et
1181 1672 1249 1741 in
1269 1672 1577 1741 amnibus
1601 1670 1878 1767 inclytis,
1896 1671 1999 1740 Ab
2019 1672 2262 1761 Minio,
2286 1696 2491 1767 quem
2522 1656 2783 1767 supra¹⁸

641 1779 962 1865 diximuS,
1009 1800 1096 1847 cc
1133 1801 1212 1847 u.
1250 1801 1425 1872 pass.
1470 1772 1595 1867 (ut
1626 1792 1865 1849 auctor
1894 1793 1996 1849 est
2029 1767 2298 1859 Varro)
2342 1778 2541 1850 abest
2574 1778 2779 1849 AEmi-

631 2020 1008 2092 ptemtriouale
1037 2019 1308 2091 Hispania
1348 2019 1657 2075 Lusitania-

633 2121 756 2171 que.
770 2101 1017 2171 Namque
1037 2112 1114 2159 ut,
1129 2100 1458 2170 Pomponius
1474 2098 1659 2169 tradit,

635 2181 727 2234 lib.
759 2182 836 2245 11,
859 2198 974 2252 cap.
1001 2182 1033 2232 6
1059 2198 1074 2233 :
1111 2204 1134 2227 ι
1152 2180 1426 2233 Lusitania
1455 2198 1657 2233 oceano

632 2256 1004 2313 tantummodo
1021 2259 1228 2330 objecta
1255 2271 1356 2313 est:
1373 2257 1470 2313 sed
1492 2260 1656 2313 latere

630 2338 700 2393 ad
721 2339 1153 2410 septemtrionem
1169 2378 1184 2405 ,
1211 2338 1388 2393 fronte
1405 2338 1474 2392 ad
1502 2357 1656 2393 occa·

629 2438 800 2473 sum-⁸
828 2414 1009 2469 Hau).
1552 2476 1557 2487 Ι

715 2518 804 2553 10.
845 2497 1193 2568 olisiponense.
1235 2496 1414 2551 Dalec.
1461 2496 1655 2560 Odyssi-

621 2597 848 2648 ponense.
872 2577 978 2631 En.

716 2678 738 2713 1
757 2678 808 2715 1.
832 2660 1040 2723 Terras,
1072 2668 1178 2710 ete.
1210 2655 1296 2708 Ad
1324 2669 1489 2710 terras
1516 2668 1655 2711 certe

625 2738 775 2809 quod
809 2738 1073 2809 pertinet,
1099 2737 1232 2789 citra
1257 2734 1315 2789 id
1343 2747 1656 2807 promonto-

625 2818 770 2871 rium
791 2829 869 2871 est
895 2835 1018 2888 pars
1060 2816 1344 2869 Lusitania
1396 2815 1654 2869 hacteuus

625 2894 912 2968 descripta,
938 2894 1086 2968 quod
1109 2907 1188 2949 est
1203 2894 1470 2966 Hispania
1489 2894 1654 2958 latus,

623 2988 679 3027 et
716 2976 1000 3030 Lusitania
1022 3014 1038 3039 ,
1063 2975 1489 3045 septemtrionale
1512 2990 1527 3027 ε
1567 2976 1652 3027 ul·

625 3068 706 3108 tra
727 3095 744 3119 ‚
779 3053 1122 3109 occidentalis
1156 3072 1269 3107 ore.
1315 3052 1399 3106 Ad
1425 3054 1615 3107 caelum
1634 3089 1653 3121 ,

621 3134 747 3187 hinc
775 3134 888 3207 ipse
913 3134 1254 3207 septemtrio,
1269 3132 1397 3185 inde
1414 3152 1649 3189 occasus.

623 3216 706 3268 Ad
741 3214 937 3280 maria,
969 3214 1234 3278 Gallicus,
1261 3214 1346 3266 vel
1385 3212 1432 3265 si
1455 3214 1654 3281 mavis,

623 3295 882 3348 Callaicus
907 3296 976 3349 ab
1005 3313 1068 3349 eo
1108 3294 1272 3347 latere
1291 3310 1559 3347 oceanus:
1582 3294 1652 3347 ab

620 3375 715 3427 illo
743 3374 1054 3429 Atlanticus.
1096 3371 1284 3423 Hinn.

707 3472 788 3507 ια.
819 3455 1075 3523 Hispania
1117 3453 1266 3505 latus.
1302 3452 1349 3503 Α
1388 3470 1650 3523 promon-

622 3536 761 3587 torio
817 3532 1022 3587 Celtico
1059 3531 1131 3585 ad
1174 3532 1500 3597 Artabrum,
1541 3532 1651 3585 sive

623 3611 1012 3684 Olisiponense.
1045 3608 1234 3661 Huin.

707 3713 730 3747 1
744 3700 793 3746 3.
825 3692 1161 3762 Incapjtsmns.
1179 3690 1265 3742 Ab
1281 3690 1650 3761 Olisiponensi

619 3770 993 3843 promontorio
1049 3768 1120 3825 ad
1175 3767 1503 3825 Gaditanum
1548 3771 1654 3823 fre·

621 3864 755 3905 tum.
785 3850 970 3905 Hum-

709 3947 730 3981 1
744 3928 1365 4003 4.0ceanusqueGallicus.
1381 3930 1445 3981 In
1460 3928 1645 3984 chiffl.

620 4008 740 4063 cod.
769 4010 1132 4075 Calaicus,seu
1165 4009 1342 4080 potius
1369 4008 1647 4075 Callaicus,

619 4108 652 4142 a
675 4102 831 4161 gente
853 4090 1083 4144 Calli-ica
1100 4126 1118 4155 ,
1141 4088 1246 4147 hoc
1261 4102 1356 4155 est,
1382 4088 1642 4143 Gallaecia.

1745 2024 1817 2075 At
1834 2022 2103 2093 vulgatam
2128 2021 2459 2093 scripturam
2479 2020 2781 2077 defenduut

1744 2099 1953 2155 codices
1982 2102 2111 2173 Reg.
2135 2113 2189 2154 et
2214 2102 2462 2157 Colhert.
2487 2102 2780 2156 Martianus

1744 2198 1987 2253 quoque,
2006 2180 2104 2234 lib.
2121 2182 2227 2240 VI,
2260 2200 2378 2252 cap.
2400 2180 2473 2235 de
2492 2182 2747 2253 Hispania
2760 2218 2779 2243 ,

1744 2280 1803 2331 p.
1829 2279 1957 2314 που.
1988 2260 2136 2325 Quin
2167 2260 2285 2331 ipse
2315 2261 2525 2316 Plinius
2546 2262 2644 2315 lib.
2666 2261 2773 2323 lx.

1742 2358 1861 2411 cap.
1904 2338 1959 2407 3,
2002 2358 2259 2393 oceanum
2309 2340 2460 2395 bunc
2512 2341 2779 2395 Gallicum

1742 2430 1899 2475 vocat
1916 2458 1935 2485 ,
1952 2431 2014 2472 ut
2032 2438 2127 2472 suo
2145 2420 2266 2472 loco
2288 2422 2651 2473 monebimus.

1830 2497 1921 2553 15.
1953 2499 2063 2551 LX
2084 2498 2161 2551 M.
2178 2500 2301 2553 Vet.
2331 2518 2420 2571 ap.
2444 2501 2637 2555 Dalec.
2656 2498 2771 2551 xl.

1742 2578 1819 2631 M.
1856 2577 1965 2629 En.

1830 2663 1921 2713 16.
1956 2644 2343 2730 ffiqubiqmg.
2364 2660 2488 2713 Hoc
2510 2670 2623 2721 est,
2640 2656 2771 2711 duo·

1742 2734 1919 2791 decies
1946 2749 2165 2791 centena
2182 2748 2237 2790 et
2247 2738 2639 2810 quinquaginta
2658 2738 2774 2790 mil·

1739 2816 1811 2869 lia
1856 2834 2129 2887 passuum.
2177 2816 2433 2871 Mensura
2476 2816 2625 2871 enim
2662 2817 2771 2871 hnc

1740 2908 1821 2949 est
1836 2894 2260 2967 adnavigatiouis
2283 2916 2385 2969 per
2408 2896 2583 2964 sinus,
2606 2914 2771 2949 reoes·

1740 2994 1936 3047 susque
1949 2975 2191 3041 sinuum,
2222 2994 2251 3028 a
2280 2976 2659 3049 promontorio
2674 2976 2769 3029 im

1736 3054 1809 3108 ad
1836 3055 2179 3127 Pyreuaeum.
2203 3054 2386 3109 Hann-

1826 3152 1911 3203 17.
1944 3134 2215 3197 Manifesta
2242 3153 2420 3187 armi-e.
2450 3134 2563 3201 Qui
2589 3146 2763 3187 tanen

1740 3232 1853 3267 oevo
1877 3213 2159 3268 Strabonis
2177 3214 2478 3267 invaluerat
2494 3249 2511 3273 ,
2544 3224 2613 3266 ut
2628 3212 2765 3267 dixi·

1738 3311 1885 3356 mus,
1916 3312 2036 3363 sup.
2066 3311 2186 3364 cap.
2208 3292 2275 3347 H.
2294 3325 2377 3339 -—
2403 3293 2674 3362 Manifesta
2690 3311 2764 3343 er·-

1736 3392 1867 3425 tore.
1894 3376 2097 3427 Errant
2116 3391 2246 3443 ergo
2272 3387 2329 3427 et
2348 3373 2433 3427 illi
2477 3374 2573 3445 qui
2614 3370 2765 3425 Olisi-

1737 3453 1966 3523 ponensi
1993 3452 2369 3523 promontorio
2391 3470 2593 3505 nomen
2610 3453 2759 3503 Arta·

1737 3532 1900 3585 hrum
1924 3530 2204 3594 indidere,
2237 3532 2307 3585 ab
2336 3530 2616 3596 Artabris,
2638 3529 2760 3603 qui,

1738 3622 1803 3664 ut
1844 3629 1993 3665 nunc
2026 3611 2143 3683 ipse
2186 3609 2319 3665 dicit
2360 3610 2600 3673 Plinius,
2623 3626 2759 3663 nun-

1736 3709 1900 3763 quam
1935 3691 2026 3745 hic
2054 3690 2396 3758 habitarunt,
2428 3688 2521 3747 sed
2546 3687 2615 3744 ad
2639 3705 2759 3761 pro·

1736 3772 2068 3837 montorium
2088 3770 2373 3835 Celticum,
2390 3766 2535 3842 quod
2560 3780 2625 3821 ut
2640 3784 2755 3839 sup.

1738 3869 1854 3920 cup.
1872 3848 2109 3905 diximus
2124 3888 2141 3915 ,
2161 3849 2453 3903 Artabrum
2476 3844 2757 3921 aliquando

1738 3949 1935 3983 nomen
1958 3930 2139 3983 habet.
2172 3928 2277 3982 En.

1824 4012 1915 4064 18.
1972 4010 2127 4080 Quem
2172 4029 2321 4081 supra
2375 4008 2583 4063 ‹li-timu·
2595 4047 2614 4072 ‚
2656 4018 2751 4060 etc.

1736 4089 1869 4161 Cap.
1897 4108 2017 4163 sup.
2048 4090 2235 4143 Hiar».
