2950 5017
1112 475 1417 544 LIBER
1467 477 1601 546 VI.

2284 497 2425 569 709

287 607 522 678 decem
562 606 821 676 dierum
862 607 1321 702 navigatione,
1356 593 1630 677 nostri³⁹
1673 605 2120 701 negotiatores
2162 606 2426 692 dicunt,

288 714 966 806 Characenorumque
1006 715 1145 808 regi
1185 738 1458 809 parere:
1491 699 1594 782 et⁴
1597 712 2006 808 “Apamiam
2041 713 2275 800 sitam,
2312 714 2430 782 ubi

286 821 693 938 restagnatio
712 769 1119 914 Euphratisv
1094 845 1245 890 cum
1269 821 1454 957 Tigri
1477 819 1788 888 confluat.
1817 821 2053 914 Itaque
2081 818 2428 889 molientes

286 927 735 995 incursionem
756 926 1039 995 Parthos
1054 913 1410 1021 operibus⁴
1418 925 1732 1020 'obJectis
1749 925 2178 1056 inund3atione
2197 927 2432 1014 arceri.

390 1018 1005 1100 Nuncacharace⁴
1010 1029 1325 1102 ²dicimus
1353 1056 1539 1101 oram
1567 1017 1967 1127 Epiphani⁴³
1995 1032 2286 1126 primum
2317 1057 2425 1100 ex·
2463 1051 2498 1101 6

281 1137 613 1231 quisitam.
648 1124 939 1207 Locus⁴⁴
972 1138 1088 1206 ubi
1124 1138 1490 1233 Euphratis
1528 1140 1771 1208 ostium
1800 1137 1961 1206 fuit.
1989 1137 2237 1206 flumen
2275 1137 2426 1207 sal-

282 1267 467 1312 sum:
492 1231 1059 1338 promontorium⁴
1062 1229 1491 1314 ⁵Cthaldone
1513 1245 1812 1339 voragini

1795 1229 1875 1275 99
1895 1241 2170 1313 similius
2187 1297 2207 1330 ,
2226 1265 2425 1337 quam

284 1349 452 1417 mari
467 1373 637 1444 ,per
666 1374 727 1419 1..
768 1374 847 1420 Μ.
871 1375 1044 1446 pass.
1073 1375 1243 1479 oms:
1274 1349 1523 1420 flumen
1542 1336 1594 1390 ⁴⁷
1617 1350 1933 1419 Achana:
1963 1349 2222 1419 deserta
2253 1371 2314 1419 c.
2345 1374 2425 1420 Μ.

282 1477 457 1548 pass
501 1480 713 1550 usque
752 1455 835 1524 ad
878 1442 1227 1525 insulam⁴⁸
1262 1457 1592 1525 Icharam.
1641 1457 1840 1525 Sinus
1885 1457 2184 1550 CapeuS,
2227 1480 2428 1549 quem

280 1559 596 1631 accolunt
628 1559 967 1657 Gaulopes
1000 1577 1065 1632 et
1108 1549 1481 1632 Chaten1⁴⁹
1516 1547 1778 1631 Sinus⁵⁰
1813 1563 2187 1630 Gerraicus,
2226 1564 2432 1656 Oppi-

279 1735 393 1768 moae
418 1717 748 1782 Dumatham,
784 1729 881 1770 etc.
918 1717 1041 1770 Vet.
1074 1737 1160 1788 ap.
1190 1717 1308 1789 Dal.

286 1821 313 1844 ι
342 1815 467 1848 mox
516 1797 862 1850 Thumatam.
893 1795 1055 1862 Quod
1092 1797 1237 1850 ahest
1278 1815 1309 1850 a

278 1875 435 1928 Petra
466 1874 665 1930 decem
702 1874 915 1929 dierum
956 1876 1305 1947 navigatione.

276 1955 463 2008 Nostri
494 1957 851 2026 negotiatores
887 1953 1079 2009 dicunt
1112 1956 1309 2010 Chara-

276 2051 535 2088 cenorum
560 2036 689 2106 regi.
708 2054 913 2106 parere.
940 2061 965 2084 a
1005 2037 1109 2088 En.
1133 2063 1215 2075 -—
1236 2035 1301 2087 Ῑιι

278 2113 477 2166 Notitia
518 2115 740 2186 Imperii
775 2116 929 2168 Rom.
963 2133 1080 2186 cap.
1112 2133 1180 2167 ιιι
1202 2154 1217 2180 ,
1246 2134 1303 2186 p.

278 2192 353 2262 37
382 2211 397 2244 :
433 2219 457 2240 ι
484 2193 598 2247 Sub
625 2193 975 2266 dispositione
994 2193 1305 2247 Ducis.Ara-

274 2272 413 2337 bia,
440 2274 539 2326 Ala
560 2275 731 2344 prima
758 2273 1131 2327 Valentiniana
1157 2274 1303 2327 Tha·

272 2353 468 2405 mathae
484 2377 507 2400 ι
538 2353 726 2428 metari
745 2352 961 2408 dicitur.
985 2353 1301 2416 Ptolemaeo,

274 2431 373 2484 lib.
414 2431 531 2500 VI,
563 2451 679 2505 cap.
719 2456 745 2502 7
769 2472 787 2500 ,
827 2432 884 2486 iu
918 2431 1112 2486 Arabia
1150 2433 1303 2486 felice

272 2510 542 2576 Θουμάτα.
568 2509 753 2566 Ηιιιι).

359 2588 453 2659 39.
472 2591 658 2645 Nostri.
670 2591 787 2646 Hoc
808 2592 1029 2646 verbum
1042 2592 1100 2644 in
1116 2589 1299 2646 Chiffl.

272 2668 440 2724 deest.
465 2670 569 2724 En.

358 2755 453 2812 4ο.
482 2750 559 2803 Ee
584 2751 865 2822 Apamiam.
901 2751 1027 2803 Non
1056 2750 1301 2804 Mesenen

272 2827 539 2899 oppidum
558 2871 573 2896 ,
606 2828 699 2884 sed
734 2829 1039 2884 Sittacenes:
1089 2827 1157 2882 de
1190 2848 1299 2900 quo

270 2927 390 2980 sup.
418 2927 535 2980 cap.
560 2909 747 2962 man.

355 2995 425 3053 41
438 3027 452 3042 .
480 2987 718 3060 Operibus
740 2989 951 3059 objectis.
972 2987 1299 3060 Aggeribus,

274 3067 477 3139 quibus
524 3087 677 3137 aqum
724 3081 999 3124 arceantur
1052 3087 1084 3120 a
1139 3067 1301 3120 Chal

270 3145 513 3200 danorum
540 3148 659 3219 ripa
674 3187 691 3213 ‚
720 3148 777 3201 in
802 3148 1122 3201 Parthorum
1150 3165 1302 3218 agros

273 3225 479 3279 eadem
506 3226 869 3282 effundantur.
896 3226 1080 3280 Ham).

357 3311 451 3370 4²·
470 3305 617 3358 Nunc
641 3327 673 3360 a
703 3307 935 3360 Charace.
970 3305 1074 3358 Vel
1107 3307 1174 3359 ab
1202 3324 1300 3378 op-

270 3385 450 3455 posito
492 3385 673 3456 potius
719 3386 947 3440 Chat-aci
994 3385 1173 3438 littore
1195 3424 1211 3452 ,
1250 3397 1303 3438 et

267 3462 587 3518 occidentali
608 3465 787 3537 Tigris
795 3465 1150 3538 Euphratisve
1164 3465 1299 3536 ripa.

270 3543 465 3596 Hui).

355 3621 455 3686 43.
502 3623 771 3694 Epiphani.
820 3625 945 3677 Vct.
986 3641 1075 3694 ap.
1120 3625 1302 3678 Dalec.

267 3701 575 3774 Epiphanio.
600 3703 872 3757 Antiocho
885 3702 1053 3776 Syriae
1074 3703 1220 3774 regi,
1242 3717 1302 3756 ut

268 3799 401 3834 mox
419 3781 625 3836 Plinius
647 3783 763 3854 ipse
788 3781 947 3836 dicet.
974 3783 1079 3836 En.

354 3865 389 3922 4
398 3867 449 3924 4.
466 3861 623 3913 Locus
634 3861 718 3916 ubi
729 3863 1010 3934 Euphratis.
1026 3861 1294 3932 Namque,

268 3952 331 3993 ut
356 3938 562 3994 dictum
596 3955 674 3995 est
712 3940 987 4013 superiore
1032 3961 1149 4014 cap.
1189 3943 1300 3995 Eu-

266 4019 517 4091 phratem
568 4021 881 4090 praelusere
934 4021 1201 4086 Orcheni,
1249 4033 1302 4074 et

268 4099 463 4154 accolo
486 4117 639 4171 agros
664 4102 891 4172 rigantes
920 4118 935 4154 t
968 4121 1069 4155 nec
1084 4101 1187 4156 nisi
1212 4101 1304 4154 Ti·

1398 1718 1483 1790 gri
1518 1716 1804 1771 defertur
1789 1737 1845 1769 ιιι
1876 1735 2037 1771 mare.
2066 1717 2230 1771 Oram
2272 1717 2428 1771 dein·

1396 1815 1524 1868 ceps
1576 1797 1782 1850 Plinius
1849 1797 2190 1868 persequitur
2239 1797 2427 1850 Felicis

1395 1877 1606 1930 Arabiae
1623 1895 1745 1946 quae
1770 1876 1966 1930 orienti
1986 1877 2086 1930 soli
2105 1876 2424 1942 obvertitur,

1395 1955 1556 2009 ducto
1593 1956 1802 2009 itineris
1839 1955 1994 2009 initio
2027 1957 2096 2010 ab
2135 1957 2425 2025 Euphratis

1394 2055 1492 2090 ore
1515 2033 1584 2088 ad
1617 2053 1766 2088 mare
1788 2035 2050 2088 Rubrum.
2072 2037 2258 2089 Han.

1477 2113 1566 2179 45.
1593 2115 1994 2167 promontorium.
2017 2116 2226 2168 Nomen
2241 2115 2290 2167 ei
2311 2133 2422 2168 esse

1390 2193 1762 2262 Manae-Sais,
1783 2207 1970 2248 auctor
1981 2208 2060 2248 est
2071 2194 2422 2264 Geographus

1390 2273 1706 2339 Nubiensis,
1730 2285 1884 2345 parte
1911 2285 2058 2328 sexta
2079 2272 2296 2326 secundi
2319 2273 2424 2326 Cli·

1391 2354 1578 2418 matis,
1603 2371 1724 2425 pag.
1759 2352 1853 2407 56.
1871 2354 2059 2406 Hutn.

1473 2436 1570 2498 46.
1603 2433 1660 2484 V
1654 2436 1850 2504 erugini
1870 2433 2090 2485 similius.
2109 2433 2420 2487 Subintelli-

1389 2529 1483 2582 ge,
1518 2531 1680 2566 mare.
1705 2513 1838 2564 Tres
1860 2513 1918 2564 in
1940 2513 2046 2566 hoc
2058 2513 2194 2566 inari
2217 2513 2420 2583 voragi-

1388 2609 1486 2646 nes
1511 2589 1762 2645 describit
1798 2591 2149 2664 Geographus
2175 2593 2420 2646 Nubien-

1390 2670 1487 2736 sis,
1512 2673 1616 2725 loc.
1638 2671 1724 2724 cit.
1746 2670 1934 2725 Han.

1472 2758 1567 2821 47.
1603 2751 1809 2803 Flumen
1836 2752 2060 2804 Aeliana.
2089 2751 2154 2804 In
2177 2751 2294 2804 MS.
2325 2771 2420 2804 no-

1388 2842 1502 2960 ¹stro
1519 2831 1834 2895 parisiensi,
1857 2831 2133 2884 Achanum.
2156 2832 2218 2883 In
2234 2831 2417 2884 Tabu-

1462 2910 1661 2970 ,Cosm
1674 2908 1855 2964 Ham).

1410 2929 1566 3052 18948.
1617 2989 1834 3042 Insulam
1878 2989 2122 3042 lebas-am.
2165 2981 2322 3060 Ῐχοίρα
2363 3003 2417 3042 et

1387 3057 1561 3140 Ῐιιαρος
1591 3069 1900 3129 Ptolemoeo,
1931 3069 2029 3123 lib.
2052 3070 2165 3135 VI,
2190 3088 2305 3141 cap.
2339 3087 2414 3139 7;

1387 3149 1650 3213 Arriano,
1672 3148 1767 3200 lib.
1795 3147 1907 3200 vn
1939 3147 2008 3200 de
2031 3147 2242 3219 Exped.
2266 3148 2412 3201 Alex.

1386 3245 1510 3299 pag.
1537 3229 1678 3296 487,
1721 3215 1910 3298 fiscpac.
1937 3226 2262 3298 Geographo
2293 3229 2346 3281 N
2349 3247 2416 3280 u

1386 3307 1590 3370 hiemi,
1612 3307 1714 3360 loc.
1743 3306 1834 3360 cit.
1872 3306 2069 3362 Comar.
2091 3309 2174 3360 De
2206 3325 2266 3360 ea
2297 3307 2417 3360 Pri-

1386 3387 1596 3440 scianus
1641 3386 1698 3440 in
1750 3385 2010 3458 Periegesi
2035 3425 2050 3452 ,
2092 3405 2214 3458 pag.
2259 3387 2414 3440 382·
2401 3427 2414 3438 .

1390 3488 1413 3511 ι
1434 3466 1678 3519 Persicus
1697 3464 1824 3518 inde
1847 3465 1994 3518 sinus
2020 3477 2346 3535 penetratur,
2363 3480 2417 3519 et

1389 3547 1580 3599 Icaron
1627 3544 1814 3606 offert,
1857 3545 2038 3597 Insula
2074 3564 2194 3616 quae
2245 3546 2417 3598 fertur

1387 3625 1616 3678 nimium
1636 3624 1845 3697 placere
1863 3624 2066 3677 Dianai.
2090 3649 2113 3670 ι
2132 3624 2217 3677 Ibi
2230 3626 2414 3678 Dianae

1389 3705 1574 3758 fanum
1595 3716 1649 3758 et
1669 3703 1930 3774 Apollinis
1942 3703 2202 3758 exstitisse
2227 3716 2416 3758 auctor

1390 3795 1467 3837 est
1489 3783 1707 3851 Strabo,
1727 3783 1822 3837 lib.
1847 3785 2012 3848 XVI,
2035 3802 2158 3856 pag.
2187 3787 2303 3854 766
2321 3823 2337 3850 ,
2365 3797 2419 3837 et

1388 3864 1674 3928 Arrianus,
1699 3863 1804 3918 loc.
1835 3863 1930 3917 cit.
1957 3863 2144 3917 Ηιιιι).

1471 3949 1564 4014 49.
1587 3943 1812 3997 Chateni.
1832 3943 2280 3997 Dalec.Chao-em'.
2311 3944 2418 3996 En.

1472 4021 1558 4074 50.
1603 4021 1749 4076 Sinus
1780 4022 2056 4078 Gerraicus.
2089 4023 2174 4077 Ab
2217 4022 2420 4095 oppido

1390 4101 1606 4156 Arahiae
1633 4103 1806 4158 Gerra
1831 4103 2256 4174 cognominatus.
2275 4103 2425 4155 Thus

2023 4197 2157 4296 45³
