2950 5017
530 425 684 502 656

1058 431 1134 498 C.
1190 422 1538 498 PLINII
1594 427 1820 498 NAT.
1879 430 2138 498 HIST.

530 559 845 648 metallis,
882 573 961 630 ut
994 557 1215 628 credo.
1248 559 1427 628 Nam
1466 557 1650 652 quod
1665 544 1714 597 ⁵⁷
1759 558 1961 652 aliqui
1994 557 2370 645 tradidere,
2371 579 2694 634 aureum

530 682 1052 762 argenteumque
1090 664 1166 734 iis
1206 662 1418 733 solum
1462 688 1638 748 esse,
1685 664 1864 734 haud
1899 663 2088 734 facile
2124 663 2698 738 crediderim-dh

532 775 610 842 iis
640 799 740 843 xx
764 797 843 842 Μ.
869 795 1039 867 pass.
1024 755 1389 841 .⁵⁸Crocala
1394 771 1538 838 .Ab
1556 795 1637 838 ea
1661 794 1768 840 x11
1793 793 1873 840 Μ.
1891 795 2062 900 pass.
2083 757 2427 865 Bibagaf’z
2451 773 2698 840 ostreis

534 893 601 948 et
638 877 1003 973 conchyliis
1036 876 1297 945 referta.
1335 875 1598 944 Deinde
1635 861 2032 946 Toralliba⁶⁰
2061 899 2140 946 ιι
2171 900 2256 946 Μ.
2291 901 2469 971 pass.
2505 901 2548 944 a
2579 901 2698 945 su·

532 1010 653 1081 pra
691 985 905 1070 dicta,
934 982 1287 1076 multaeque
1323 981 1667 1076 ignobiles.

635 1093 895 1161 XXIV.
934 1081 1194 1182 (1111.)
1226 1085 1708 1182 Taprobanen¹
1749 1088 2032 1158 alterum
2061 1088 2294 1157 orbem
2341 1102 2688 1156 terrarum

528 1222 704 1282 esse,
753 1197 866 1265 diu
909 1195 1353 1264 existimatum
1406 1208 1541 1281 est,
1585 1191 2162 1263 Antichthonum²
2209 1192 2688 1288 appellatione.

526 1307 626 1372 Ut
666 1301 950 1397 liqueret
988 1297 1271 1370 insulam
1317 1323 1499 1386 esse,
1540 1299 1900 1369 Alexandri
1953 1300 2190 1394 Magni
2239 1313 2398 1368 aetas
2443 1323 2696 1394 resque

527 1410 963 1505 praestitere.
957 1391 1409 1476 Onesicritus³
1432 1353 1658 1476 classis
1688 1407 1842 1528 ejus.
1860 1405 2254 1501 praefectus,
2289 1403 2696 1524 elephantos

526 1516 621 1585 ibi
638 1515 925 1608 majores
946 1489 1570 1607 bellicosioresque,
1597 1537 1799 1606 quam
1827 1513 1898 1583 in
1923 1512 2114 1580 India
2129 1511 2359 1605 ‚gigni
2387 1513 2694 1606 scripsit:

529 1745 732 1801 Plinius
774 1746 1006 1799 aliorum
1045 1743 1219 1797 relatu
1235 1780 1251 1807 ,
1304 1759 1368 1795 ac
1418 1741 1562 1794 fama

527 1826 712 1896 vulgi,
740 1827 897 1897 cujus
917 1842 1018 1878 nec
1042 1821 1231 1876 haberi
1254 1839 1311 1876 se
1334 1839 1559 1892 sponso·

527 1924 643 1958 rem
661 1905 828 1976 cupit.
858 1923 967 1956 non
988 1903 1145 1956 certis
1164 1900 1475 1954 auctoribus
1499 1917 1562 1952 ea

526 1985 745 2037 nomina
789 2003 821 2036 a
849 2001 905 2036 se
930 1979 1340 2035 commemorari
1377 1991 1560 2050 aperte

530 2064 656 2117 satis
682 2063 963 2134 significat.
990 2060 1225 2112 Plinium
1251 2057 1560 2111 adverbum

528 2143 619 2196 hic
645 2141 947 2196 transcribit
967 2152 1159 2192 auctor
1184 2137 1312 2190 libri
1330 2135 1399 2190 de
1412 2137 1564 2188 Men-

538 2241 660 2275 sura
691 2221 838 2275 orbis
869 2232 1035 2273 terrai.
1080 2219 1150 2270 H.
1193 2247 1273 2260 -
1297 2215 1433 2270 Hae'
1418 2233 1560 2267 mse-

536 2313 865 2374 quenteaque
880 2297 1067 2351 insula!
1096 2295 1319 2349 fortasse
1346 2313 1421 2348 εει
1436 2305 1563 2347 aunt

533 2399 653 2452 quae
667 2379 960 2452 Laquede'oes
987 2395 1101 2429 uno
1126 2375 1347 2428 nomine
1374 2373 1562 2445 appel-

528 2461 725 2514 lantur.
755 2459 859 2511 En.

614 2539 706 2608 57.
743 2537 895 2608 Quod
916 2536 1074 2606 aliqui
1096 2533 1353 2586 tradidere.
1377 2531 1558 2584 Etiam

527 2618 863 2690 Pomponius
892 2615 1066 2672 Mela
1092 2614 1190 2666 lib.
1214 2613 1468 2682 111‚.cap
1501 2629 1557 2681 7,

526 2718 585 2770 p.
616 2697 734 2766 59·
770 2694 900 2748 «Ad
928 2695 1157 2746 Tamum
1188 2687 1209 2754 (
1239 2703 1558 2764 promonto-

526 2780 670 2831 rium
718 2789 797 2829 est
840 2770 991 2844 quod
1037 2773 1249 2826 Taurus
1294 2765 1551 2834 attollit),

524 2856 699 2910 insula
748 2867 827 2907 est
872 2853 1120 2923 Chryse:
1168 2848 1239 2903 ad
1285 2850 1555 2920 Gangem,

526 2941 751 3007 Argyre.
776 2933 956 2986 Altera
968 2929 1115 2984 aurei
1144 2931 1243 2983 soli
1273 2925 1367 2990 (ita
1388 2929 1553 2980 Vete-

523 3035 610 3069 rea
628 3003 960 3078 tradidere),
982 3011 1147 3062 altera
1173 3008 1450 3080 argentei.
1475 3019 1554 3059 at-

522 3114 630 3167 que
655 3094 747 3157 ita,
772 3105 833 3145 ut
857 3091 1090 3144 maxime
1108 3087 1347 3152 videtur,
1374 3099 1465 3138 aut
1488 3103 1552 3138 ex

522 3193 583 3227 re
619 3177 851 3234 nomen,
885 3181 979 3222 aut
1022 3187 1089 3220 ex
1126 3167 1389 3220 vocabulo
1428 3165 1551 3219 ficta

528 3253 708 3307 fabula
733 3263 834 3304 est.
858 3248 1103 3300 »Ham

492 3353 497 3358 ·
607 3333 700 3386 58.
728 3331 849 3383 Ab
830 3332 888 3380 u‘s
902 3327 1026 3380 XX
1050 3326 1126 3378 M.
1149 3345 1287 3395 pass.
1317 3323 1548 3378 Crocala.

521 3414 587 3465 In
616 3409 773 3465 MSS.
804 3409 891 3461 Ab
918 3410 978 3459 it's
1000 3406 1123 3459 XX
1147 3405 1223 3458 M.
1260 3425 1399 3475 pass.
1437 3404 1551 3456 laei-

525 3493 735 3545 tudinem
768 3487 997 3543 Crocala.
1022 3487 1090 3538 Et
1112 3496 1301 3538 auctor
1329 3483 1453 3537 libri
1480 3482 1550 3537 de

522 3573 778 3624 Mensura
837 3567 983 3620 orbis
1030 3577 1185 3618 terrai
1227 3581 1243 3617 :
1297 3589 1321 3611 «ι
1344 3563 1550 3616 Plinius

523 3646 800 3704 Secundus
826 3648 881 3699 in
898 3646 1035 3699 libro
1068 3657 1217 3697 sexto
1246 3643 1302 3696 in
1328 3643 1548 3696 Oceano

521 3728 710 3781 Indico
734 3727 933 3779 insulas
957 3724 1076 3777 fieri
1096 3723 1172 3776 ita
1198 3736 1439 3776 monet...
1462 3722 1547 3775 Ab

520 3807 606 3861 his
634 3825 700 3860 xx
732 3825 801 3858 Μ.
819 3821 1071 3877 passuum
1098 3801 1383 3856 latitudine
1407 3803 1546 3854 Cro·

520 3886 660 3946 tale,
682 3885 752 3938 ab
794 3903 960 3956 eaque
990 3901 1073 3936 xn
1112 3882 1340 3952 Bibaga,
1360 3881 1548 3934 ostreis

520 3985 581 4019 ac
602 3965 879 4018 conchulis
902 3962 1095 4016 referta
1122 3979 1137 4016 ε
1164 3959 1357 4014 deinde
1386 3960 1546 4013 Oral-

518 4045 625 4098 liba
641 4083 659 4111 ,
687 4061 795 4098 vm
816 4062 847 4096 a
879 4061 1039 4113 supra
1064 4039 1228 4106 dicta,
1254 4039 1546 4110 multaque

1643 1741 1928 1812 ignobiles.
1955 1763 1978 1790 ι
1998 1741 2193 1795 Insula
2211 1759 2410 1794 nomen
2428 1742 2696 1810 Arriano,

1643 1821 1712 1874 τὰ
1729 1823 1999 1892 Κρόκαλα,
2021 1825 2168 1883 νῆσος
2191 1817 2472 1892 dms-68³6.
2508 1822 2696 1877 insula

1643 1918 1888 1954 arenosa.
1925 1899 2068 1954 Situs
2085 1938 2102 1964 ,
2135 1913 2320 1953 contra
2361 1901 2548 1954 Arabii
2577 1901 2694 1954 flu-

1643 1979 1808 2032 minis
1837 1980 1991 2042 ostia,
2027 1979 2301 2050 ipsamque
2317 1979 2692 2047 Carmaniam,

1641 2071 1802 2129 atque
1844 2057 1980 2112 adeo
2031 2059 2166 2112 citra
2197 2057 2396 2112 Indum
2442 2078 2690 2113 amnem.

1643 2139 1732 2192 sic
1759 2138 1848 2190 ine
1871 2137 1928 2189 in
1951 2136 2171 2202 Indicia,
2198 2155 2317 2208 pag.
2353 2137 2487 2192 551.
2519 2139 2593 2192 H.

1729 2216 1824 2286 59.
1865 2216 2081 2286 Bibaga.
2111 2214 2342 2271 BiGaxroe
2381 2224 2530 2279 νῆσος
2569 2219 2690 2271 Ar-

1643 2295 1826 2360 riano,
1873 2294 1978 2349 loc.
2003 2295 2148 2348 citat.
2178 2296 2366 2349 oen-eis
2387 2297 2688 2369 precipua

1642 2373 2025 2444 magnitudinis
2039 2375 2234 2428 referta
2261 2376 2454 2429 insula.
2475 2378 2684 2430 Hann.

1725 2457 1816 2506 60.
1851 2453 2124 2507 Toralliba.
2161 2456 2291 2526 Reg.
2330 2473 2378 2515 ι,
2417 2474 2472 2518 a,
2515 2457 2686 2510 colb.

1649 2551 1701 2594 1,
1733 2551 1787 2596 a,
1815 2533 1980 2586 Paris.
2001 2533 2240 2589 chifflet.
2257 2546 2310 2587 et
2327 2533 2462 2587 edit.
2487 2535 2682 2590 Elm.

1645 2611 1917 2666 Coralliba.
1939 2613 2122 2667 Ham).
2145 2627 2200 2666 et
2221 2614 2330 2666 Eu.

1719 2691 1928 2745 XXIV.
1952 2710 1974 2746 ι
1987 2732 2000 2745 .
2019 2693 2354 2763 Taprobanen.
2367 2691 2682 2765 Ταπροὸἅνι

1641 2769 1914 2835 Straboni,
1937 2772 2034 2826 lib.
2061 2772 2191 2833 XV.
2215 2789 2338 2843 pag.
2373 2777 2504 2844 690.
2533 2773 2686 2829 Mela

1638 2849 2003 2920 Pomponius,
2020 2851 2116 2903 lib.
2145 2851 2252 2915 111,
2265 2869 2388 2923 cap.
2407 2869 2538 2922 7,p.
2563 2855 2638 2922 59
2661 2873 2678 2906 ε

1644 2929 2010 3000 «Taprobane
2027 2970 2043 2993 ,
2087 2931 2266 3003 inquit
2283 2968 2300 2994 ,
2338 2945 2433 2984 aut
2457 2932 2682 3002 grandia

1632 3005 1932 3061 admodum
1972 3009 2175 3075 insula,
2215 3022 2314 3062 aut
2345 3011 2526 3081 prima
2551 3031 2682 3083 para

1635 3085 1782 3139 orbis
1825 3088 2042 3142 alterius
2077 3089 2392 3160 Hipparcho
2447 3089 2674 3156 dicitnr,

1631 3178 1770 3218 etc.»
1806 3166 1992 3233 Quum
2019 3169 2207 3222 orbem
2230 3169 2462 3221 alterum
2487 3169 2680 3236 audis,

1634 3245 1998 3300 continentem
2037 3260 2233 3300 terram
2257 3248 2500 3319 intellige
2515 3288 2532 3314 ,
2558 3269 2678 3304 non

1633 3325 1880 3378 insulam.
1909 3327 1960 3378 A
1984 3327 2160 3380 Plinio
2187 3326 2408 3380 Solinus
2435 3329 2554 3382 haec
2573 3327 2676 3383 de·

1634 3405 1868 3476 scripsit,
1895 3423 1942 3459 c.
1975 3424 2106 3470 uu,
2130 3423 2186 3476 p.
2220 3407 2316 3460 83.
2345 3407 2475 3477 Ipsa
2503 3428 2676 3480 porro

1632 3484 1956 3555 Taprobane
1985 3482 2150 3537 hodie
2181 3485 2404 3556 Ceylan5
2431 3505 2544 3540 non
2561 3527 2579 3554 ‚
2605 3501 2676 3542 nt

1629 3563 1850 3635 quidam
1877 3563 2118 3617 arbitrati
2147 3577 2296 3628 sunt,
2325 3561 2578 3622 Samarra.
2597 3567 2676 3622 Η.

1719 3661 1771 3695 2.
1798 3644 2202 3698 Antichthonum.
2239 3641 2362 3696 Hoc
2398 3659 2514 3710 est,
2556 3649 2676 3700 Aa·

1633 3719 1900 3793 tipodum.
1934 3722 2122 3777 Eun.

1715 3803 1772 3856 3.
1807 3803 2124 3856 Onesicritus.
2169 3802 2388 3856 Solinus
2433 3804 2538 3858 loc.
2575 3805 2672 3858 cit.

1634 3893 1687 3934 et
1701 3881 2010 3946 Martianus,
2031 3883 2232 3947 lib-Vl,
2253 3901 2372 3954 cap.
2391 3882 2465 3936 de
2491 3883 2674 3948 ludia,

1631 3979 1690 4032 p.
1720 3967 1864 4025 ²²43
1885 3960 2122 4020 AElianna
2141 3961 2298 4026 item,
2321 3962 2460 4019 Hist.
2480 3963 2668 4017 Anim.

1631 4040 1728 4094 lib.
1757 4041 1912 4108 xvl,
1940 4059 2060 4111 cap.
2092 4043 2180 4096 18.
2215 4042 2397 4094 Hun.
