2950 5017
1090 456 1399 525 LIBER
1451 405 1587 523 vi

2253 458 2404 534 625

267 613 307 658 a
324 613 621 719 quorum
656 587 985 661 littoribus
1019 587 1196 658 idem
1230 612 1415 658 mare
1437 589 1851 683 Hyrcanium
1881 592 2108 662 vocari
2143 593 2407 690 incipit,

268 680 351 763 a⁶
388 696 663 767 flumine
714 693 951 766 Sideri.
1004 693 1229 765 Citra⁷
1284 694 1355 764 id
1408 719 1638 766 amnes
1692 683 2042 767 Maxeras⁸
2052 750 2073 783 ‚
2123 701 2407 790 Stratos„

266 804 493 872 omnia
527 801 649 872 ex⁹
691 804 1010 872 Caucaso.
1050 799 1427 895 Sequitur¹⁰
1468 803 1650 896 regio
1687 803 2096 898 Margiane¹¹
2113 859 2134 892 ,
2171 809 2410 901 aprici-

267 909 419 980 tatis
460 907 757 1003 inclytae,
804 905 944 978 sola
992 909 1061 976 in
1102 932 1185 978 eo
1224 921 1443 977 tractu
1486 908 1788 994 vitifera,
1821 909 2116 1004 undique
2155 911 2410 984 inclusa

268 1015 608 1084 montibus
658 1015 966 1102 amoenis,
1008 1014 1263 1084 ambitu
1284 1011 1332 1036 ¹²

1376 1014 1738 1084 stadiorum
1779 1014 1956 1086 mille
2004 1019 2408 1114 quingento-

267 1145 457 1208 rum,
490 1118 781 1190 difficilis
828 1120 1019 1190 aditu
1047 1133 1326 1217 propter
1359 1143 1670 1190 arenosas
1705 1119 2088 1193 solitudines
2123 1149 2246 1220 per
2266 1148 2409 1196 cxx

267 1225 429 1296 mill.
426 1251 833 1358 passuum,
884 1241 953 1296 et
999 1228 1145 1323 ipsa
1180 1239 1417 1296 contra
1449 1227 1735 1297 Parthiae
1771 1241 2060 1299 tractum
2105 1231 2286 1301 sita:
2339 1233 2410 1302 in

266 1330 422 1427 qua¹
426 1317 846 1402 ³Alexander
869 1331 1337 1403 Alexandriam
1365 1332 1774 1403 condiderat.
1789 1334 1944 1423 Qua
1959 1334 2180 1406 diruta
2206 1361 2247 1405 a
2267 1336 2410 1406 bar-

266 1438 479 1527 baris,
520 1426 958 1510 Antiochus¹⁴
961 1492 982 1529 ‚
1022 1437 1277 1510 Seleuci
1326 1437 1542 1528 filius,
1583 1438 1824 1510 eodem
1862 1439 2012 1512 loco
2047 1431 2409 1514 restituit¹⁵

352 1635 409 1686 6.
438 1631 497 1685 A
520 1632 729 1704 βιοτεύει
761 1630 943 1686 Sideri.
967 1632 1031 1686 In
1056 1645 1293 1686 exn-ema

268 1711 541 1783 Hyrcania
557 1729 744 1765 versus
765 1724 945 1765 ortum
962 1712 1093 1765 citra
1111 1712 1292 1766 Oxum

267 1808 497 1844 amnem.
520 1791 593 1845 H.
616 1824 699 1834 —
715 1792 931 1844 Veteris
948 1792 1185 1845 nominis
1200 1809 1293 1845 ve-

266 1869 419 1942 stigia
460 1883 634 1924 servat
648 1909 665 1935 ,
706 1884 925 1924 auctore
948 1865 1291 1933 n'Anvxm,

264 1948 588 2004 hodiernum
604 1969 810 2004 nomen
828 1951 1103 2004 Eseersive
1123 1951 1290 2010 Λείαν,

265 2030 355 2082 cui
376 2027 601 2102 quidem
632 2029 846 2084 flumini
878 2031 1189 2103 impositum
1214 2043 1295 2084 est

265 2107 537 2180 oppidum
576 2110 885 2171 Astarabad,
940 2108 1090 2182 qnod
1132 2129 1291 2164 suum

264 2206 465 2242 nomen
490 2188 587 2243 toti
609 2190 815 2261 regioni
842 2189 1165 2262 impertitur.
1185 2191 1293 2245 En.

348 2285 405 2340 7.
421 2268 565 2322 Citra
582 2269 650 2322 id.
671 2267 909 2324 Chifflet.
934 2269 1053 2324 Cim
1077 2270 1148 2324 id.
1174 2269 1292 2323 Dal.

264 2349 397 2399 eirea
425 2348 495 2400 id.
522 2347 667 2401 Citra
682 2349 1072 2420 rescripsimus,
1096 2345 1293 2402 tumei

268 2426 515 2481 locorum
552 2427 657 2481 situ
699 2426 770 2481 ad
806 2429 1138 2482 Tabularum
1182 2445 1295 2482 om·

264 2507 418 2559 nium
444 2506 613 2561 fidem
637 2520 847 2571 exacto,
870 2521 987 2562 tum
1014 2527 1083 2562 ex
1106 2506 1293 2561 admo-

264 2585 393 2642 nitu
402 2584 657 2640 codicum
664 2587 909 2659 proxime
925 2586 1263 2642 laudatorum
1274 2607 1291 2642 ε

266 2665 365 2720 ubi
384 2663 519 2720 editi
531 2665 785 2720 mendose
802 2670 933 2719 eis-ca
952 2667 1292 2721 exhibebant.

264 2744 337 2798 Et
374 2763 505 2800 sane
538 2746 631 2817 qui
674 2745 881 2818 possint
909 2746 1136 2818 intelligi
1160 2751 1295 2799 eima

266 2824 470 2879 flumen
495 2843 692 2888 amnes,
713 2824 859 2879 haud
881 2838 1196 2898 promptum
1215 2837 1296 2880 est

264 2921 549 2978 agnoscet-e
578 2922 593 2958 ε
643 2917 699 2960 at
738 2909 863 2959 eitra
905 2905 1107 2958 flumen
1162 2905 1293 2958 alios

266 3002 449 3038 amnes
476 2981 789 3044 decurrere,
813 3002 899 3038 res
922 2996 1001 3038 est
1020 2984 1079 3036 in
1104 2985 1295 3056 primis

266 3063 445 3118 obvia.
485 3063 635 3117 Citra
672 3063 731 3118 id
766 3063 995 3129 flumen,
1035 3075 1294 3118 retrorsus

264 3159 452 3196 versus
466 3159 711 3197 occasum
737 3143 795 3196 in
822 3142 1007 3198 eadem
1028 3143 1294 3216 Hyrcania

264 3239 449 3275 amnes
460 3222 1147 3294 sunt,Maxeras,Mi}npoec‚
1167 3225 1295 3276 Pto-

265 3301 459 3356 lemno
478 3341 495 3366 ,
532 3301 629 3356 lib.
652 3303 757 3368 vl,
800 3319 919 3374 cap.
950 3320 1019 3372 9,
1064 3300 1209 3356 unde
1238 3314 1293 3356 et

266 3381 463 3434 accolis
486 3399 687 3436 nomen
712 3381 963 3453 Μάξπραι.
980 3381 1051 3436 Et
1072 3383 1290 3444 Stratos,

266 3457 443 3514 eidem
468 3459 761 3515 Ptolemaeo
791 3464 1023 3534 Στράτων
1052 3479 1083 3514 e
1113 3459 1293 3515 Media

267 3557 367 3610 per
394 3539 679 3594 Anas-iam
714 3540 773 3594 in
812 3541 1067 3612 Caspium
1103 3540 1293 3595 fluens.

268 3617 341 3672 H.
372 3630 431 3671 ct
450 3619 560 3672 En.

349 3699 406 3752 8.
424 3697 681 3752 Mamm.
702 3699 1010 3772 Dalecamp.
1038 3699 1291 3754 Manem.

264 3775 511 3830 Maxeras
530 3777 761 3831 restituit
786 3776 952 3833 Hard.
972 3793 1089 3833 tum
1115 3799 1147 3834 e
1168 3780 1297 3833 Pto-

262 3855 452 3909 lemno
482 3855 736 3929 proxime
772 3857 988 3912 laudato
1007 3896 1024 3924 ,
1074 3871 1189 3912 tum
1232 3877 1299 3912 ex

266 3935 575 4001 Ammiano,
589 3933 691 3989 lib.
714 3936 929 4003 xxm,
948 3958 1003 4010 p.
1038 3937 1171 3992 356.
1190 3937 1296 3992 En.

346 4033 405 4082 9.
426 4016 517 4068 Es
552 4015 794 4070 camo.
828 4016 896 4071 Id
921 4035 1118 4072 nomen
1150 4035 1298 4072 com-

266 4111 431 4152 mune
470 4095 749 4150 montibus
786 4096 851 4152 iis
890 4098 1087 4169 quibus
1120 4099 1301 4154 Pem-

426 4205 533 4272 11.

1379 1649 1503 1684 rum
1527 1649 1689 1702 regna
1709 1632 1890 1686 omnia
1919 1632 2081 1688 veluti
2107 1645 2408 1705 protem-

1383 1721 1493 1764 tur.
1542 1711 1729 1764 Huu).

1466 1807 1552 1842 10.
1595 1788 1826 1863 Sequitur
1862 1795 2016 1862 regio.
2059 1791 2190 1847 Hac
2218 1793 2409 1849 iisdem

1376 1869 1559 1923 verbis
1579 1867 1822 1935 Solinus,
1853 1889 1972 1942 cap.
1996 1889 2208 1940 nnn,
2230 1894 2290 1947 p.
2313 1872 2409 1944 75,

1380 1962 1435 2002 et
1452 1940 1790 2018 'Martianus,
1819 1949 1917 2002 lib.
1933 1951 2043 2016 vl,
2069 1971 2185 2023 cap.
2213 1951 2283 2006 de
2308 1955 2408 2007 As·

1378 2029 1558 2100 syria,
1602 2047 1723 2100 pag.
1770 2048 1902 2082 333.
1945 2030 2199 2102 Sequitur
2243 2051 2409 2124 porro

1378 2105 1658 2179 Margiana
1696 2109 2026 2179 Hyrcaniam
2065 2111 2136 2164 ab
2177 2112 2405 2167 oriente.

1380 2187 1569 2241 Ham).

1468 2286 1492 2321 1
1509 2285 1558 2320 1.
1589 2267 1871 2338 Margiane.
1911 2265 2218 2322 Chiffletan.
2261 2271 2406 2322 Mar-

1376 2348 1554 2416 giana.
1570 2345 1674 2398 En.

1468 2444 1492 2479 1
1508 2443 1559 2478 3.
1593 2425 1798 2478 Ambitu
1819 2427 2101 2481 stadiorum.
2124 2429 2407 2485 Consentit

1378 2517 1435 2558 et
1466 2505 1684 2572 Strabo,
1709 2506 1804 2558 lib.
1834 2506 1940 2572 XI,
1973 2525 2030 2577 p.
2062 2505 2196 2561 516.
2219 2508 2408 2564 Hsan.

1466 2583 1558 2637 13.
1599 2584 1660 2636 In
1706 2604 1803 2657 qua
1842 2587 2142 2640 Alexander.
2175 2589 2241 2641 In
2266 2589 2410 2646 Mar-

1378 2664 1534 2734 giana
1576 2660 1828 2719 videlicet
1843 2704 1861 2731 ‚
1907 2678 1970 2718 ut
2017 2679 2159 2720 recte
2191 2667 2409 2723 Solinus

1378 2742 1661 2808 intellexit,
1687 2743 1790 2796 loc.
1817 2744 1906 2797 cit.
1940 2745 2126 2800 Han.

1467 2827 1558 2884 14.
1623 2823 1919 2877 Antiochus.
1984 2824 2114 2896 Ejus
2177 2827 2411 2882 nominis

1377 2901 1618 2974 primus,
1643 2901 1854 2956 Seleuci
1879 2903 2144 2958 Nicatoris
2162 2905 2222 2958 F.
2253 2905 2411 2961 Soter

1378 2982 1806 3052 cognominatus.
1837 2983 2032 3038 Strabo
2059 2984 2167 3038 loc.
2192 2984 2285 3039 cit.
2306 2987 2380 3042 Η.

1466 3059 1552 3114 15.
1583 3061 1816 3114 Restituit
1847 3061 2063 3133 Syriam.
2101 3063 2234 3117 Nam
2260 3070 2411 3118 mter-

1362 3141 1558 3213 fluaeate
1576 3141 1776 3212 Margo.
1803 3141 1928 3196 Hoec
1958 3143 2316 3199 sincerissima
2340 3146 2412 3200 le-

1380 3220 1490 3274 ctio
1517 3233 1597 3273 est
1621 3219 1870 3275 codicum
1895 3222 2171 3288 omnium,
2197 3225 2328 3296 Reg.
2359 3243 2412 3290 1,

1382 3319 1436 3365 3,
1461 3299 1706 3355 Colbert.
1735 3321 1788 3362 ι,
1827 3321 1854 3353 3
1875 3340 1894 3367 ,
1912 3302 2081 3356 Paris.
2112 3314 2218 3358 etc.
2247 3321 2408 3374 quam

1378 3379 1794 3450 interpolatores
1831 3381 1904 3434 ita
1929 3394 2281 3452 corruperant
2294 3421 2312 3448 ,
2337 3403 2414 3436 re-

1378 3461 1540 3512 stituit
1563 3457 1825 3532 Syrianam
1865 3462 2166 3531 interfluente
2195 3461 2380 3534 Margo
2395 3501 2413 3528 ,

1380 3557 1486 3610 qua
1530 3537 1758 3592 lectione
1795 3552 1966 3594 stante
1999 3553 2112 3594 tota
2152 3541 2260 3596 loci
2291 3561 2412 3596 sen-

1381 3617 1548 3672 tentia
1579 3617 1970 3688 pessumdatur.
2017 3616 2124 3673 Sed
2165 3618 2356 3675 foedius
2382 3640 2413 3675 a

1384 3696 1644 3751 Salmasio
1681 3695 2048 3762 deformatur,
2077 3699 2150 3752 ita
2171 3699 2414 3770 legente,

1382 3777 1441 3830 in
1466 3777 1708 3831 Exercit.
1734 3775 1805 3830 ad
1825 3778 2070 3832 Solinum
2097 3797 2224 3850 pag.
2255 3779 2368 3848 983
2396 3801 2410 3835 ε

1392 3883 1415 3905 ι
1434 3855 1613 3920 Qnam
1640 3855 1878 3910 dirutam
1909 3875 1938 3910 3
1961 3856 2202 3912 barbaris
2230 3860 2418 3916 Antio·

1386 3936 1538 3996 chus,
1569 3935 1777 3990 Seleuci
1797 3934 2166 4002 filius,eodem
2185 3938 2306 3992 loco
2330 3959 2417 3994 re·

1388 4015 1582 4078 stituit,
1605 4015 1748 4088 Syn-ii
1769 4033 1926 4069 amne
1943 4033 2060 4070 eam
2077 4017 2419 4073 interfluente

1386 4095 1636 4166 Margo...
1681 4096 1988 4152 maluerunt
2031 4095 2180 4150 illam
2230 4099 2418 4153 Antio·

2053 4206 2151 4289 40
