2950 5017
558 476 658 548 90

1087 453 1162 519 C.
1219 450 1562 518 PLINII
1618 451 1842 520 NAT.
1901 451 2161 518 HIST.

556 600 791 707 portus
843 583 1189 669 Baiarum,
1244 582 1474 670 Bauli,
1531 582 1712 653 lacus
1767 568 2135 653 Lucrinus⁶
2191 597 2258 652 et
2310 586 2702 669 AvernuS,
2650 584 2674 623 ⁷

551 694 757 822 juxta
802 714 998 785 quem
1055 691 1488 759 Cimmerium
1548 689 1869 785 oppidum
1923 688 2280 785 quondam.
2335 691 2516 758 Dein
2571 692 2705 758 Pu-

557 783 780 885 teoli⁸,
820 796 1078 867 colonia
1113 796 1527 866 Dicaearchia
1562 796 1769 866 dicti:
1802 810 2084 892 postque
2124 795 2490 891 Phlegraei⁹
2520 820 2706 865 cam-

561 906 665 999 pi,
705 901 1130 973 Acherusia¹⁰
1171 900 1361 997 palus
1402 904 1636 973 Cumis
1683 904 1917 972 vicina
1967 904 2223 972 Littore
2266 918 2484 971 autem
2527 902 2704 971 Nea·

562 1009 731 1106 polis
784 1007 1365 1080 Chalcidensium¹
1348 1006 1394 1033 ¹¹

1450 1024 1518 1079 et
1569 1010 1712 1104 ipsa
1733 1064 1752 1098 ,
1806 1010 2226 1104 Parthenope
2282 1034 2322 1077 a
2338 1007 2384 1034 ²²
2439 1008 2710 1079 tumulo

563 1194 718 1247 Bauli
743 1194 936 1248 retinet
960 1212 1157 1246 nomen
1180 1211 1195 1245 :
1224 1193 1377 1245 Bauli
1404 1205 1459 1247 et
1485 1193 1587 1245 Ba·
1671 1194 1767 1246 lib.
1793 1195 1948 1259 xlv,
1971 1194 2163 1247 Annal.
2197 1218 2222 1242 ι
2237 1194 2414 1247 Vetus
2438 1190 2714 1264 oppidum

565 1274 701 1345 gela.
754 1273 1024 1327 Hortensii
1072 1273 1197 1325 villa
1236 1291 1355 1344 quae
1398 1285 1475 1325 est
1519 1272 1586 1326 ad

563 1353 755 1408 Baulos
775 1392 792 1419 ,
844 1353 1021 1424 inquit
1066 1352 1256 1406 Cicero
1277 1391 1293 1418 ,
1338 1352 1431 1405 lib.
1486 1352 1588 1419 IV,

567 1431 729 1487 Acad.
762 1452 882 1505 pag.
916 1435 1010 1487 28.
1031 1432 1210 1485 Hnm.

647 1518 703 1566 6.
734 1514 983 1566 Lucrinus.
1038 1513 1165 1565 Fuit
1208 1530 1377 1584 prope
1418 1529 1590 1566 reces-

568 1612 681 1646 sum
697 1594 947 1646 intimum
961 1593 1109 1646 sinus
1122 1590 1415 1645 Puteolani.
1430 1592 1590 1645 Nunc

568 1686 649 1727 est
676 1672 827 1745 palus
860 1673 1058 1739 lutosa,
1090 1690 1216 1727 cum
1247 1669 1588 1725 arundineto.

567 1752 716 1806 Olim
727 1753 943 1806 Averno
948 1755 1279 1823 conjunctus,
1286 1764 1416 1804 tunc
1423 1768 1592 1823 quum

568 1844 757 1903 portus
788 1844 923 1886 esset
937 1872 954 1897 ,
980 1832 1153 1903 qualis
1180 1850 1210 1885 a
1237 1830 1467 1902 Virgilio
1497 1829 1592 1883 ‹le-

569 1911 850 1978 scribitur,
889 1912 1083 1983 Georg.
1113 1912 1256 1963 libro
1298 1912 1355 1961 II
1373 1949 1389 1975 ,
1435 1928 1595 1964 versu

574 1990 647 2046 36
660 2008 711 2044 1:
732 1992 850 2044 «An
868 2009 1159 2045 memorem
1180 2002 1383 2061 portus,
1401 1990 1593 2044 Lucri-

569 2089 749 2143 noque
773 2068 957 2125 addita
976 2070 1201 2124 claustra
1215 2109 1231 2136 ,
1253 2071 1428 2140 Atque
1451 2068 1595 2123 indi-

570 2162 791 2221 gnatum
818 2150 1023 2221 magnis
1049 2148 1367 2203 stridoribus
1388 2168 1596 2221 aequom

572 2230 717 2283 salia
746 2248 853 2301 qua
884 2242 1055 2301 ponto
1086 2230 1243 2300 longe
1277 2240 1427 2281 sonat
1452 2226 1600 2281 unda

572 2310 776 2373 refuso,
794 2310 1215 2380 Tyrrhenusque
1238 2309 1383 2361 fretis
1396 2308 1598 2361 immit-

576 2388 707 2441 titur
736 2401 889 2441 aestus
913 2387 1175 2441 Arei-nis?
1198 2414 1223 2436 ι
1244 2389 1423 2441 Han.

657 2486 709 2538 7.
743 2468 983 2521 Avernus.
1014 2470 1185 2521 Antro
1208 2466 1425 2540 Sibyllae
1462 2468 1600 2520 cele·

578 2547 935 2603 brutissimum
955 2545 1121 2601 hodie
1146 2548 1291 2618 Lago
1315 2548 1570 2599 d'Aoemo
1583 2588 1600 2611 ,

578 2639 632 2679 et
650 2628 791 2698 Lago
812 2628 868 2680 da·
890 2628 1192 2699 Tripergula.
1211 2628 1345 2693 Qua
1368 2625 1437 2680 de
1458 2626 1603 2681 Cim-

582 2708 763 2762 meriis
806 2707 912 2761 hoc
952 2720 1215 2761 terrarum
1260 2718 1433 2761 tractu
1473 2719 1604 2765 ‚sunt

576 2788 709 2840 olim
728 2784 943 2859 proditu
958 2828 973 2853 ,
988 2787 1185 2841 fabulis
1200 2798 1439 2841 accenset
1456 2784 1601 2840 Stra-

576 2867 677 2931 bo,
702 2866 798 2920 lib.
817 2868 888 2930 V,
918 2885 1039 2939 pag.
1068 2866 1202 2931 245.
1235 2867 1385 2921 Nihil
1410 2878 1604 2937 proter

578 2964 765 2999 verum
796 2946 1010 2999 Festus:
1054 2974 1077 2995 ι
1098 2946 1373 3001 Cimmerii
1412 2944 1601 2999 dicun-

580 3038 667 3077 tur
694 3026 967 3090 homines,
1000 3027 1095 3098 qui
1125 3026 1413 3098 frigoribus
1442 3042 1602 3079 occu·

578 3118 729 3176 petas
766 3117 933 3159 terras
970 3106 1243 3170 incolunt,
1268 3106 1451 3177 quales
1483 3106 1602 3158 fue-

579 3200 709 3240 runt
748 3186 887 3239 inter
925 3186 1076 3240 Baias
1114 3199 1167 3239 et
1195 3184 1417 3245 Cumas,
1446 3186 1506 3237 in
1539 3204 1600 3238 ea

578 3266 797 3339 regione
809 3304 826 3333 ‚
844 3266 899 3317 in
926 3284 1030 3337 qua
1052 3266 1307 3319 convallis
1324 3266 1449 3319 satis
1470 3266 1598 3319 emi·

578 3346 727 3398 nenti
744 3347 875 3417 jugo
894 3343 1223 3399 circumdata
1244 3358 1317 3399 est
1335 3384 1353 3413 ,
1374 3362 1494 3417 quae
1507 3364 1600 3398 ne·

580 3442 685 3495 que
734 3426 998 3479 matutino
1015 3465 1031 3489 ,
1072 3444 1248 3497 neque
1295 3425 1602 3498 vespertino

582 3516 825 3576 tempore
851 3506 977 3559 Sole
1002 3506 1364 3577 contegitur.
1402 3506 1473 3559 Et
1506 3524 1605 3575 po-

584 3584 699 3653 puli
732 3586 931 3655 pariter
965 3598 1019 3637 et
1048 3584 1238 3659 oppidi
1268 3585 1430 3655 buius
1456 3583 1607 3639 cim-

586 3662 738 3716 merii
762 3664 1007 3717 meminit
1028 3664 1294 3718 Homerus
1320 3662 1514 3737 Odyss.
1535 3670 1606 3716 λε

596 3730 769 3795 ιὲνθα.
798 3738 858 3795 δὲ
896 3746 1179 3815 Κιμμιρίων
1220 3740 1411 3816 ἀνδρῶν
1446 3741 1604 3816 Νμός

594 3842 683 3878 τι,
706 3824 844 3883 πόλις
873 3842 947 3876 τι.
972 3824 1207 3877 -l-lum.

670 3903 723 3954 8.
754 3903 963 3957 Puteoli.
988 3902 1135 3956 Italis
1160 3903 1467 3955 Pozzuolo·
1446 3922 1467 3956 .·
1511 3922 1608 3957 no-

589 3981 681 4032 stri
686 3998 730 4046 s,
742 3982 875 4035 Pouz
882 3983 975 4036 τοί.
994 3983 1148 4035 Prius
1162 3985 1454 4054 Δικαιαρχὶα
1466 3984 1611 4036 Stra-

588 4060 750 4127 boni,
771 4063 875 4115 loc.
916 4062 1003 4114 cit.
1048 4062 1137 4135 ubi
1168 4061 1237 4116 de
1267 4064 1610 4116 Puteolorum

590 4141 825 4195 nominis
852 4142 1059 4213 origine
1094 4141 1343 4213 disputat.
1372 4143 1614 4209 Tacitus,

1674 1274 1886 1327 Puteoli
1912 1277 1996 1345 jus
2023 1274 2247 1327 coloniae
2262 1312 2280 1339 ‚
2299 1286 2354 1327 et
2377 1291 2713 1345 cognomen·

1675 1366 1789 1406 tum
1810 1372 1838 1405 a
1857 1353 2074 1409 Nerone
2092 1352 2518 1424 adipiscuntur.·
2539 1352 2714 1405 Fron·
2783 1417 2788 1425 ὅ

1675 1433 1816 1486 tinus
1858 1446 2060 1499 tamen,
2094 1433 2196 1486 lib.
2237 1431 2307 1487 de
2345 1430 2548 1498 Colon,
2581 1449 2710 1503 pag.

1678 1514 1790 1582 87:
1832 1538 1854 1559 ιι
1889 1512 2126 1567 Puteolis
2177 1513 2392 1567 colonia
2445 1512 2716 1583 Augusta.

1675 1594 1946 1663 Aug-ustus
1971 1590 2207 1647 deduxit.
2231 1618 2253 1639 n
2286 1590 2433 1645 Vide
2469 1610 2591 1665 quo
2622 1590 2715 1643 di-

1675 1672 1813 1725 cturi
1839 1690 2055 1738 sumus,
2097 1672 2196 1726 lib.
2226 1672 2445 1737 XXXI,
2489 1689 2610 1743 cap.
2654 1691 2715 1723 2.

1676 1750 1860 1805 Ηιιιῐ).

1763 1851 1816 1901 9.
1865 1832 2129 1901 Phlegraei.
2169 1830 2342 1885 Iidem
2370 1842 2426 1884 et
2445 1829 2720 1883 Leborini

1679 1929 1772 1963 seu
1811 1912 2068 1965 Laborini
2120 1909 2253 1966 dicti
2292 1928 2307 1964 τ
2349 1929 2496 1965 nunc
2541 1928 2718 1980 eampo

1685 1990 1876 2060 Quarto
1889 2032 1904 2055 ‚
1939 2004 1997 2044 ut
2040 1990 2251 2063 egregie
2283 1989 2537 2043 adversus
2577 1989 2718 2043 Clu-

1680 2070 1888 2123 verium
1938 2068 2176 2141 disputat
2227 2068 2437 2125 camin.
2495 2068 2718 2140 Pei-egr.

1680 2168 1800 2221 pag.
1837 2154 1968 2205 261.
2000 2150 2073 2203 Η.
2104 2179 2184 2191 -
2210 2149 2284 2202 Hi
2312 2163 2434 2203 sunt
2462 2148 2728 2220 Phlege-cei

1683 2235 1843 2301 campi
1883 2248 2017 2303 quos
2069 2228 2280 2301 egregio
2327 2248 2492 2300 opere
2535 2248 2726 2301 nuper

1681 2308 1964 2364 illustravit
1989 2309 2073 2362 Cl.
2099 2310 2424 2363 linum-on.
2454 2308 2630 2361 Βιιοτ.

1773 2408 1856 2444 ιο.
1901 2388 2187 2443 Acherusia.
2231 2381 2510 2460 Ᾰχερουσῖα
2539 2390 2722 2459 λίμνη,

1684 2466 1932 2522 Straboni
1969 2469 2072 2522 loc.
2113 2468 2205 2522 cit.
2236 2468 2380 2539 Lago
2419 2468 2550 2519 della
2587 2468 2718 2521 Coe-

1689 2548 1863 2602 luccc'a.
1889 2548 2074 2603 Hmn.

1773 2646 1798 2680 ι
1815 2646 1838 2682 1
1849 2667 1862 2681 .
1883 2628 2267 2681 Chalcidensium
2279 2638 2328 2678 et
2345 2629 2468 2697 ipsa.
2485 2625 2728 2693 Perinde

1689 2720 1846 2779 atque
1866 2706 2064 2760 Cumas.
2088 2706 2272 2760 Livius
2296 2706 2469 2773 enim,
2492 2706 2722 2774 LVIII,

1687 2804 1806 2858 cap.
1822 2806 1850 2839 α
1865 2806 1890 2839 ι
1911 2804 1924 2838 :
1955 2813 1978 2836 ι
2003 2786 2280 2858 Palaepolis
2297 2784 2402 2839 fuit
2425 2784 2572 2839 haud
2595 2801 2732 2857 pro-

1689 2868 1776 2921 cul
1810 2865 1960 2926 inde,
2004 2868 2098 2922 ubi
2144 2884 2293 2920 nunc
2335 2864 2588 2937 Neapolis
2623 2867 2731 2921 sita

1689 2960 1768 2999 est
1784 2966 1800 3011 ς
1819 2944 2032 3000 duabus
2055 2946 2280 3000 urbibus
2305 2946 2536 3018 populus
2575 2943 2730 2999 idem

1687 3026 1976 3081 habitabat.
2019 3026 2204 3083 Cumis
2253 3037 2407 3079 erant
2447 3024 2670 3079 oriundi
2712 3046 2731 3081 :

1686 3107 1916 3160 Cumani
1951 3108 2017 3160 ab
2051 3104 2308 3162 Chalcide
2341 3106 2588 3159 Euboica
2619 3106 2735 3159 ori-

1687 3187 1865 3256 ginem
1893 3186 2127 3241 trahunt.
2162 3186 2339 3240 Classe
2379 3204 2488 3257 qua
2514 3184 2732 3240 advecti

1685 3266 1754 3318 ab
1773 3265 1936 3320 domo
1949 3268 2177 3324 fuerant,
2187 3266 2450 3319 multum'
2433 3284 2490 3317 ιιι
2504 3283 2601 3318 ora
2613 3284 2732 3320 ma-

1687 3346 1761 3398 ris
1791 3364 1934 3439 ejus!
1974 3344 2122 3417 quod
2149 3346 2422 3406 accolunt,
2453 3358 2734 3415 potuere:

1689 3426 1861 3497 primo
1909 3426 1966 3479 in
1999 3425 2196 3479 insulas
2231 3426 2501 3478 AEnariam
2541 3436 2598 3478 et
2637 3426 2732 3479 Pi·

1693 3506 1933 3559 thecusas
1971 3505 2190 3575 egressi,
2226 3503 2421 3558 deinde
2462 3504 2518 3556 in
2549 3507 2733 3558 conti-

1693 3598 1910 3639 nentem
1933 3586 2043 3639 ausi
2065 3584 2215 3639 sedes
2234 3584 2534 3637 uansferre.
2547 3584 2736 3639 »Vide

1709 3682 1926 3737 quoque
1937 3664 2227 3730 Velleium,
2241 3664 2334 3717 lib.
2345 3666 2391 3718 I.
2407 3666 2513 3717 En.

1782 3762 1806 3796 1
1817 3766 1869 3799 α.
1885 3745 1940 3797 A
1959 3746 2139 3798 tumulo
2154 3743 2356 3797 Sintiis.
2374 3744 2480 3798 Cui
2501 3743 2733 3797 Parthe-

1695 3842 1840 3897 nope
1877 3842 2075 3877 nomen
2107 3824 2225 3878 fuit.
2268 3823 2459 3879 Strabo
2479 3862 2494 3889 ,
2525 3823 2626 3878 lib.
2661 3824 2736 3889 V,

1697 3922 1817 3976 pag.
1857 3908 1988 3967 246.
2027 3906 2364 3976 Stephanus:
2395 3904 2700 3957 Martianus
2725 3944 2741 3969 ,

1699 3982 1792 4038 lib.
1816 3986 1930 4050 Vl,
1959 4004 2074 4056 cap.
2107 3984 2176 4037 de
2207 3981 2580 4037 conditoribus
2611 3984 2740 4037 urb.

1699 4082 1817 4135 pag.
1846 4068 1976 4118 206.
1995 4064 2236 4127 Solinus,
2259 4082 2373 4134 cap.
2401 4082 2466 4128 ιι,
2487 4082 2614 4134 pag.
2647 4064 2740 4117 13.

1703 4144 1950 4226 Sirenqm
1989 4144 2153 4197 trium
2182 4143 2293 4196 haee
2327 4146 2546 4197 nomina
2579 4142 2730 4215 apud
