2950 5017
1144 439 1463 509 LlnER
1543 441 1668 508 vl.
1777 403 1784 410 ’
2328 437 2482 535 679

338 571 720 640 decembri:
746 584 865 640 aut
902 570 1129 664 utique
1156 571 1473 642 Mechiris
1490 555 1542 610 ⁷⁸
1572 571 1863 666 AEgyptii
1915 571 2092 638 intra
2124 568 2300 640 diem
2341 597 2484 645 sex·

338 691 518 762 tum,
550 675 730 772 quod
754 675 834 746 fit
860 676 1035 746 intra
1076 674 1227 746 idus
1255 677 1594 770 januarias
1645 690 1940 748 nostras:
1967 679 2062 745 ita
2104 678 2367 766 evenit,
2413 693 2488 749 ut

338 783 575 852 eodem
606 806 783 852 anno
799 797 1115 852 remeent.
1145 781 1482 878 Navigant
1493 783 1546 823 ⁷⁹
1564 797 1785 854 autern
1805 808 1886 852 ex
1911 781 2102 852 India
2118 797 2321 854 vento
2331 784 2490 854 Vul-

336 903 571 958 turno:
592 904 659 958 et
673 913 883 984 quum
914 889 1245 958 intravere
1276 891 1584 960 Rubrum
1605 888 2060 976 mare‚Africo
2090 887 2196 958 vel
2217 893 2483 960 Austro.

334 996 539 1065 Nunc
560 1010 971 1065 revertemur
1001 994 1085 1064 ad
1109 997 1548 1090 propositum.

444 1102 739 1172 XXVII.
771 1101 1140 1172 Carmaniae
1176 1125 1360 1170 oram
1407 1117 1638 1197 patere
1677 1099 2065 1172 duodecies¹
2111 1116 2392 1172 centena
2435 1129 2480 1174 1.
2522 1137 2544 1172 1

334 1205 497 1276 mill.
548 1230 860 1302 passuum
908 1207 1257 1276 Nearchus
1300 1209 1585 1303 scripsit.
1629 1205 1766 1276 Ab²
1815 1209 2002 1277 initio
2039 1207 2181 1302 ejus
2227 1210 2312 1278 ad
2348 1210 2480 1280 flu-

336 1297 529 1382 ῐιιιειι3
559 1313 759 1384 Sabin
787 1328 1056 1383 centum
1082 1311 1240 1384 mill.
1272 1337 1606 1409 passuum.
1635 1312 1802 1382 Inde
1829 1314 2056 1384 vineas
2082 1313 2210 1384 coli
2235 1330 2296 1386 et
2321 1341 2482 1384 arva

334 1418 425 1487 ad
455 1419 703 1488 flumen
742 1418 1050 1489 Andania
1068 1405 1092 1450 ⁴
1112 1469 1135 1502 ‚
1164 1443 1311 1489 xxv
1338 1418 1498 1489 mill.
1537 1421 1775 1552 spatio.
1807 1421 2022 1514 Regio
2051 1436 2334 1491 vocatur
2363 1424 2484 1490 Ar·-

336 1526 575 1594 muzia.
602 1525 870 1621 Oppida
900 1526 1299 1614 Carmaniae,
1327 1526 1554 1596 Zethis
1592 1579 1612 1612 ,
1635 1541 1703 1595 et
1738 1523 2154 1595 Alexandria.

334 1761 481 1804 rum.
528 1749 729 1821 Incipit
778 1749 867 1803 die
924 1769 994 1821 ²7
1038 1749 1157 1806 dec.
1188 1752 1359 1804 Βιοτ.
1453 1765 1650 1822 quauta
1717 1763 1797 1804 est
1859 1748 2144 1804 duodecies
2199 1762 2481 1804 centenum

420 1833 514 1900 78.
568 1829 797 1882 Mechiris
838 1830 1093 1900 AEgyptis‘.
1145 1830 1361 1883 Mechir

334 1921 515 1963 sextus
566 1921 643 1961 est
700 1909 895 1962 mensis
962 1910 1357 1982 AEgyptiorum.

335 1989 537 2060 Incipit
556 1987 646 2041 die
673 1992 740 2042 26
759 1989 1010 2059 januarii.
1031 1993 1156 2044 Dies
1180 2003 1361 2044 sextus

336 2068 596 2122 Mechiris
626 2069 861 2138 AEgyptii
902 2081 979 2122 est
1022 2067 1136 2122 dies
1186 2067 1249 2121 31
1278 2071 1360 2141 ja·

336 2146 529 2203 nunrii.
562 2145 731 2202 Addit
754 2167 883 2200 vero
909 2148 1135 2212 Plinius,
1170 2173 1195 2194 ι
1216 2147 1360 2220 quod

336 2227 402 2281 fit
436 2229 574 2281 intra
604 2226 724 2280 idus
741 2228 1042 2298 januarias,
1062 2253 1085 2276 n
1120 2240 1180 2281 ut
1198 2229 1362 2299 signi-

336 2306 463 2360 ficet
486 2325 647 2362 naves
676 2307 734 2360 in
762 2305 919 2360 India
944 2308 1105 2378 vulgo
1138 2325 1251 2360 esse
1282 2326 1364 2362 re·-

337 2384 503 2441 duces
545 2387 686 2440 intra
730 2384 853 2440 idus
894 2387 1182 2457 januarias.
1224 2388 1361 2452 Quae

336 2464 457 2520 idus
474 2465 747 2537 januaria,
774 2484 867 2520 seu
886 2465 1000 2520 dies
1025 2466 1089 2520 13
1113 2467 1363 2538 januarii,

338 2545 579 2600 medinm
610 2542 897 2618 quemdam
926 2546 1215 2600 terminum
1249 2546 1362 2600 effi-

337 2627 491 2679 ciunt
524 2625 665 2678 inter
681 2624 899 2678 initium
933 2625 1127 2678 mensis
1141 2626 1285 2697 Tybi
1308 2639 1361 2680 et

335 2717 546 2758 sextum
576 2702 721 2758 diem
750 2703 1025 2758 Mechiris.
1052 2704 1228 2776 Hujus
1255 2706 1363 2758 loci

334 2803 549 2851 sensum
588 2803 700 2836 non
754 2784 877 2840 satis
924 2783 1200 2838 adsecutus
1250 2798 1363 2840 erat

336 2861 583 2918 eruditus
602 2862 929 2921 narduinus.
952 2865 1121 2918 Bao-r.

420 2963 515 3014 79.
544 2943 795 3013 Navigant
821 2955 995 2996 autem.
1037 2944 1283 3010 Solinus,
1312 2963 1361 2998 c.

336 3042 453 3090 nv,
494 3041 617 3094 pag.
656 3027 745 3080 86.
766 3023 1071 3076 Vulturnus
1102 3039 1267 3093 porro
1294 3025 1361 3076 ab

336 3103 546 3156 oriente
574 3102 807 3158 brumali
832 3103 999 3174 spirat
1026 3121 1041 3154 ε
1068 3121 1100 3156 a
1138 3101 1363 3158 meridie

338 3195 549 3236 auster:
574 3183 788 3235 Africus
805 3183 871 3236 ab
892 3200 1083 3235 occasu
1108 3181 1362 3250 brumali,

338 3273 403 3314 nt
428 3259 637 3316 dictum
662 3275 739 3315 est
758 3263 854 3316 lib.
874 3263 963 3328 11,
987 3279 1105 3332 cap.
1132 3264 1225 3326 46.
1250 3263 1321 3317 H.

418 3341 659 3394 xxvn.
688 3360 709 3394 ι
722 3381 733 3393 .
755 3342 1028 3394 Duodecae‘es
1036 3353 1249 3405 centena,
1259 3355 1361 3395 etc.

340 3419 527 3474 Chiffl.
560 3421 809 3475 duodecies
829 3423 873 3472 L
887 3431 1083 3473 centena
1097 3458 1115 3486 ,
1137 3434 1241 3476 etc.
1256 3421 1361 3476 Et).

342 3531 422 3544 --
442 3501 629 3572 Longe
658 3501 875 3555 brevior
913 3500 1181 3571 navigatio
1222 3519 1362 3572 prn-

339 3593 425 3632 ter
458 3598 608 3634 oram
656 3581 951 3636 Carmania
971 3617 987 3644 ,
1030 3581 1259 3634 Arriano
1304 3581 1361 3634 in

338 3656 573 3724 Indicis,
603 3678 657 3730 p.
688 3659 797 3716 580
815 3699 831 3725 ,
857 3679 1053 3731 nempe
1070 3658 1361 3714 stadiorum

340 3750 531 3809 quater
590 3739 735 3792 mille
780 3753 833 3793 et
885 3740 1360 3810 septingentorum.

340 3823 517 3879 Μῆιιος
540 3823 624 3872 τοῦ
648 3820 797 3874 πλόου
810 3820 951 3888 παρὰ
969 3820 1057 3876 τὴν
1072 3820 1361 3892 Καρμανίην

338 3893 687 3966 χόρην,ςσ’.διοι
698 3899 951 3969 τρισχὰιοι
962 3899 1046 3952 κάὶ
1056 3901 1359 3952 &strandum-

340 3995 464 4046 quae
506 3995 753 4048 passuum
796 3977 1037 4033 efficiunt
1088 3997 1363 4034 εοεαε-χιιι

336 4051 525 4113 millia.
550 4057 619 4110 Et
644 4071 786 4112 certe
812 4071 965 4114 tantae
985 4057 1367 4130 longitudinis,

1452 1831 1588 1884 mill.
1649 1848 1960 1902 sponsorem
2003 1849 2058 1884 se
2108 1829 2224 1882 fieri
2273 1829 2482 1885 Plinius

1448 1923 1608 1980 negat
1623 1910 1788 1969 velle.
1815 1927 1982 1980 quum
2001 1927 2120 1962 eam
2147 1910 2357 1962 auctori
2381 1929 2478 1964 sno

1448 1988 1644 2042 reddat
1681 1990 1947 2042 Nearcho.
1983 1989 2266 2043 Carmania
2291 1988 2480 2043 hodie·

1447 2086 1560 2139 que
1593 2081 1859 2122 vetustum
1883 2087 2080 2122 nomen
2115 2068 2312 2121 retinet
2346 2070 2480 2124 Ker-

1450 2168 1582 2202 man.
1610 2150 1798 2202 Haut).

1535 2247 1584 2280 a.
1637 2228 1722 2283 Ab
1775 2230 1914 2279 initio
1969 2231 2087 2296 ejus.
2141 2228 2190 2279 A
2237 2228 2480 2284 faucibus

1448 2308 1650 2362 Persici
1675 2307 1836 2360 sinus.
1865 2306 2050 2361 Hau).

1532 2389 1584 2442 3.
1608 2387 1813 2440 Flumen
1838 2385 2012 2442 Sabin.
2039 2386 2214 2453 Mela,
2243 2387 2341 2440 lib.
2371 2389 2476 2454 111,

1447 2485 1566 2540 cap.
1614 2470 1667 2530 8.
1710 2486 1764 2540 p.
1798 2473 1888 2533 60,
1921 2465 2066 2520 Sabis
2093 2486 2186 2538 per
2209 2468 2478 2522 Carmanos

1444 2545 1587 2600 fluit.
1647 2545 1803 2608 Σάὸις
1869 2547 2158 2600 Ptolemoeo
2207 2545 2476 2618 oppidum

1447 2627 1742 2682 Carmania
1772 2638 1852 2680 est
1879 2625 2360 2692 mediterraneum,
2376 2627 2472 2680 lib.

1446 2707 1559 2771 vl,
1595 2726 1714 2778 cap.
1755 2707 1810 2771 3,
1843 2705 1912 2758 ab
1933 2725 2091 2760 amne
2122 2706 2355 2760 fortassis
2382 2725 2475 2760 co-

1446 2787 1722 2856 gnomine·
1737 2786 1920 2839 Hann-

1529 2871 1584 2930 4.
1612 2863 2150 2946 Αηᾰαηὶιι..(ἶὴίῖῌεῐ.
2191 2863 2298 2918 cod
2336 2865 2477 2918 Ana-

1447 2947 1548 2999 nin.
1601 2943 1711 3000 En.
1755 2975 1837 2988 —-
1877 2941 2090 3006 Δνδανις
2148 2943 2474 3016 Ptolemaeo,

1446 3024 1548 3078 loc.
1577 3025 1669 3078 cit.
1692 3025 1924 3078 Arriano
1939 3022 2234 3088 inIndicis,
2255 3043 2312 3095 p.
2338 3023 2476 3095 573,

1442 3091 1633 3175 λναμις
1651 3141 1668 3169 ,
1703 3123 1734 3156 a
1761 3103 2136 3175 promontorio
2179 3104 2475 3161 carmaniae

1445 3203 1632 3238 versus
1657 3183 2112 3255 septemtrionem,
2131 3182 2312 3236 stadiis
2325 3201 2474 3250 neoc,

1447 3282 1568 3336 qun
1601 3281 1856 3335 passuum
1895 3263 2066 3316 millia
2103 3274 2321 3316 centum
2361 3264 2479 3316 effi-

1448 3345 1628 3398 ciunt:
1670 3344 1889 3414 regione
1920 3353 2036 3396 toto
2074 3360 2138 3394 eo
2170 3341 2344 3413 spatio
2386 3361 2473 3398 re-

1446 3442 1572 3485 rum
1606 3423 1848 3476 omnium
1883 3423 2092 3486 ferace,
2132 3421 2220 3475 cui
2270 3441 2474 3476 nomen

1448 3501 1741 3556 Harmozia
1778 3522 1793 3556 ς
1837 3503 1862 3555 ὁ
1909 3497 1969 3556 δὲ
2019 3507 2173 3572 χῶρος
2229 3493 2472 3571 Ᾰρμόζεια

1448 3584 1687 3636 ἐκαλεῖτο.
1700 3579 1838 3634 Haesi
1846 3593 1867 3633 t
1875 3579 1931 3633 id
1941 3597 2136 3634 nomen
2151 3579 2220 3632 ad
2231 3593 2473 3636 nostrum

1450 3681 1622 3716 sevum
1646 3659 1832 3714 insulae
1862 3662 2058 3714 Ormus.
2093 3659 2280 3714 Influit
2303 3663 2473 3715 amnis

1449 3743 1510 3795 in
1551 3741 1824 3794 Persicum
1865 3741 2059 3793 sinum.
2091 3739 2272 3795 Ilsnn.

1536 3821 1588 3874 5.
1627 3821 1803 3872 Zethi-5
1841 3832 1890 3872 et
1928 3819 2256 3873 Alexandria.
2296 3820 2476 3874 Zethi·

1452 3901 1581 3954 alibi
1625 3900 1775 3954 nulla
1819 3899 2064 3954 mentio:
2117 3899 2478 3962 Alexandria,

1452 3977 1596 4051 apud
1635 3979 1977 4034 Ptolemaeum
2008 3979 2109 4032 loc.
2143 3979 2234 4032 cit.
2263 3991 2316 4033 et
2347 3981 2478 4034 Am-

1456 4059 1714 4123 mianum,
1743 4059 1838 4112 lib.
1868 4059 2023 4124 xm,
2049 4078 2104 4129 p.
2131 4059 2264 4112 255.
2289 4059 2482 4114 nisu.

2079 4163 2178 4252 [13
2199 4153 2226 4198 ἦ
