2950 5017
569 419 717 494 352

1122 424 1203 492 c.
1259 423 1603 493 PLINII
1658 375 1895 494 ΝΑΤΪ
1942 425 2201 524 Ηιοετ.

567 555 669 622 bri
691 553 738 592 ‘⁹
779 553 1240 622 mediterranei
1277 579 1294 622 z
1339 556 1734 625 Hermiones
1754 553 1804 578 ²⁰
1842 577 1857 620 ε
1900 580 2187 648 quorum
2224 556 2431 624 Suevi
2448 557 2524 636 '‘,
2548 559 2720 626 Her·

570 880 680 934 lum
701 894 924 948 usquam
946 875 1224 946 vestigium
1245 876 1356 929 est?
1377 877 1597 942 Quanto

569 953 908 1012 commodius
948 955 1148 1008 cadunt
1187 956 1369 1009 omnia
1414 975 1599 1008 emen·

571 1037 786 1091 datione
845 1047 1024 1088 nostra
1045 1073 1063 1100 ‚
1120 1053 1290 1106 quum
1357 1035 1599 1106 apposite

569 1115 886 1170 Hermiones
915 1113 1317 1177 mediterranei,
1349 1115 1454 1167 boc
1488 1126 1595 1176 est,

571 1197 628 1249 in
670 1193 846 1248 media
879 1194 1166 1247 Germania
1195 1195 1387 1265 positi,
1425 1208 1481 1248 et
1508 1195 1600 1246 In·

572 1275 880 1348 gaevonibus
911 1273 1003 1344 qui
1027 1291 1230 1325 oceano
1246 1313 1262 1338 ,
1287 1286 1342 1326 et
1377 1275 1599 1326 Istaevo-

575 1356 734 1407 nibus
787 1353 880 1425 qui
931 1352 1120 1406 Rheno
1167 1363 1291 1405 sunt
1331 1353 1601 1424 proximi,

573 1446 915 1506 opponentur
935 1433 960 1484 ?
1011 1431 1097 1484 Sic
1147 1433 1292 1484 enim
1341 1433 1560 1486 Tacitus
1579 1472 1595 1496 ,

572 1515 670 1568 lib.
691 1513 760 1568 de
783 1512 1026 1564 Moribus
1044 1509 1296 1564 German.
1317 1531 1434 1584 pag.
1459 1529 1483 1565 1
1497 1513 1597 1566 23:

582 1621 605 1642 ι
626 1591 864 1646 Proximi
888 1610 1090 1644 oceano
1121 1591 1460 1661 Ingaevones:
1491 1609 1601 1644 me-

575 1673 654 1726 dii
697 1670 1054 1724 Hermiones:
1097 1671 1274 1722 ceteri
1317 1673 1603 1724 Istaevones

575 1765 850 1805 vocantur.
891 1777 914 1797 ι
976 1750 1064 1802 Sic
1114 1749 1282 1820 igitur
1325 1751 1603 1803 manifeste

576 1833 668 1885 hie
710 1832 860 1884 locus
889 1827 1346 1899 inter-pungendus
1377 1842 1474 1882 est.
1528 1830 1605 1882 At

575 1930 687 1964 non
730 1922 1013 1982 propterea
1049 1907 1316 1962 inserendi
1343 1909 1453 1962 huc
1482 1919 1607 1962 sunt

579 1989 871 2052 Sicambri,
893 1986 1074 2040 invitis
1098 2006 1163 2040 ac
1187 1987 1606 2059 repugnantibus

576 2070 728 2123 libris
767 2067 1054 2131 omnibus,
1094 2079 1210 2120 tum
1251 2065 1446 2130 editis,
1487 2079 1604 2119 tum

577 2149 740 2202 manu
764 2148 1014 2212 exaratis;
1038 2165 1204 2216 quum
1228 2147 1489 2200 sententia
1506 2146 1604 2198 hu·

578 2231 664 2300 jus
691 2229 792 2281 loci
829 2227 928 2290 sit,
966 2238 1072 2278 tam
1115 2225 1255 2278 inter
1289 2225 1601 2286 Istoevones,

579 2327 740 2379 quam
787 2309 924 2359 inter
961 2308 1302 2375 Ingaevones,
1339 2306 1607 2358 habitasse

581 2389 830 2442 Cimbros
849 2425 863 2447 ,
917 2386 1012 2456 qui
1069 2396 1266 2438 tractus
1327 2385 1605 2455 utriusque

578 2479 786 2538 partem
823 2463 1155 2534 occuparint.
1189 2463 1337 2516 Nihil
1372 2463 1603 2536 planius.

579 2547 762 2601 Hum.
791 2575 872 2588 ——·
891 2544 1075 2597 Herm.
1100 2545 1354 2596 Isloevones
1372 2582 1387 2608 ‚
1408 2561 1607 2612 quoram

575 2647 694 2697 pars
738 2625 950 2688 Cimbri,
989 2635 1038 2675 et
1077 2623 1457 2687 Mediterranei,
1500 2633 1605 2675 etc.

580 2707 686 2760 En.
710 2736 793 2747 —
808 2707 855 2757 A
877 2703 1048 2756 Rheni
1066 2703 1213 2756 ostiis
1231 2701 1298 2756 ad
1324 2701 1609 2757 Coloniam

581 2787 850 2839 Ubiorum
877 2783 1046 2836 amnis
1083 2785 1198 2852 ejus
1226 2782 1451 2844 accolae,
1484 2799 1609 2834 cum

585 2865 766 2918 Frisiis
817 2861 1270 2929 occidentalibus,
1319 2863 1609 2914 Istoevoues

585 2943 852 3016 appellati.
881 2941 1062 2994 Hsnn.

674 3042 761 3092 ¹9·
812 3021 1012 3074 Cimbri.
1067 3021 1276 3072 Horum
1323 3019 1477 3090 regio
1530 3017 1607 3070 ibi

585 3103 713 3168 fuit,
732 3102 826 3155 ubi
851 3119 996 3154 nunc
1016 3100 1311 3153 Comitatus
1333 3097 1611 3163 Marchiae,

587 3181 862 3252 Bergensis
909 3182 1176 3243 Ducatus,
1225 3193 1275 3232 et
1331 3177 1611 3231 Cliviensis

585 3281 708 3334 pars
751 3259 1148 3313 transrhenana.
1199 3257 1336 3322 Quoe
1389 3255 1613 3328 quidem

584 3341 830 3414 regiones
841 3339 897 3391 in
917 3339 1156 3391 Prussica
1165 3337 1615 3408 provincia,nunc

584 3421 753 3492 grand
767 3419 924 3471 duchd
939 3418 1006 3470 du
1027 3417 1290 3469 Bas-likin
1311 3415 1453 3469 dicta
1480 3433 1611 3468 con-

587 3501 845 3554 tinentur.
874 3498 1056 3550 Hann.
1083 3509 1136 3549 et
1161 3497 1264 3549 En.

673 3599 760 3633 ao.
785 3579 1082 3631 Hermiones.
1103 3577 1170 3628 In
1191 3574 1368 3628 media
1391 3575 1615 3628 Germa-

587 3659 678 3712 nia
703 3658 897 3731 positi,
932 3657 1068 3709 ultra
1097 3655 1268 3708 Rheni
1303 3655 1613 3725 Oceanique

588 3741 748 3810 ripas.
777 3740 842 3791 In
878 3736 1178 3790 Germanic
1202 3735 1418 3805 populis
1443 3733 1613 3786 medii

589 3838 621 3871 a
654 3817 839 3871 Tacito
877 3814 1156 3888 appellati,
1187 3815 1283 3868 lib.
1311 3813 1380 3868 de
1407 3813 1611 3868 Morib.

589 3899 772 3951 Germ.
801 3915 918 3968 cap.
947 3915 998 3950 a.
1027 3895 1212 3947 ΒΑΜ).

676 3997 704 4030 2
719 3996 765 4030 ι.
811 3977 1028 4046 Quorum
1058 3973 1218 4026 Saevi.
1257 3972 1614 4027 Hermionam

585 4069 772 4129 gentes
794 4074 858 4109 ex
877 4054 1069 4108 ordine
1087 4071 1348 4126 perquam
1371 4066 1615 4108 accurate

431 725 436 730 .
498 675 542 726 3.
569 659 911 750 munduri,
956 660 1278 748 Chatti'²,
1327 660 1671 734 Cherusci.
1710 661 1967 749 Quinta
1996 685 2149 755 pars
2190 662 2471 730 Peucini
2484 651 2558 746 ²³,
2594 667 2721 732 Ba·

1682 875 1970 940 describit,
1992 877 2061 928 ab
2095 875 2161 928 iis
2190 893 2441 939 exorsus,
2474 879 2569 950 qui
2592 892 2721 932 sunt

1684 955 1829 1008 ortui
1872 955 1995 1008 solis
2030 956 2313 1026 propiores
2331 995 2347 1020 ,
2392 977 2520 1010 mox
2556 977 2722 1012 cursu

1685 1033 1812 1087 inde
1829 1053 2012 1088 versus
2042 1053 2287 1088 occasum
2314 1036 2577 1090 instituto.
2602 1037 2721 1090 Ho-

1684 1133 1807 1167 rum
1852 1114 2019 1184 igitur
2064 1113 2227 1167 Suevi
2276 1114 2317 1166 ii
2365 1129 2534 1182 sunt,
2580 1135 2719 1188 quos

1684 1192 1847 1246 hodie
1869 1195 2119 1246 Mox-avos
2141 1195 2507 1263 appellamus,
2534 1197 2585 1246 10
2606 1197 2725 1250 Mo·

1687 1276 1845 1338 ras-ie,
1878 1285 1936 1325 ut
1972 1275 2081 1342 jam
2119 1274 2367 1343 superius
2410 1275 2721 1328 monuimus

1686 1370 1807 1422 cap.
1843 1352 1937 1405 ²5.
1978 1353 2167 1423 Neque
2208 1353 2358 1404 enim
2404 1353 2607 1406 Suevos
2647 1355 2713 1406 ab

1687 1431 1801 1485 istis
1824 1431 1955 1484 alios
1976 1431 2181 1484 Plinius
2200 1433 2453 1502 agnovit,
2480 1447 2575 1486 aut
2600 1433 2723 1486 Pto·

1688 1511 1903 1565 lemnus
1919 1549 1935 1576 ,
1962 1511 2058 1582 qui
2078 1511 2173 1563 lib.
2195 1511 2283 1576 11,
2310 1528 2431 1583 cap.
2464 1531 2488 1565 ι
2506 1531 2559 1579 1,
2582 1513 2721 1566 ultra

1687 1591 1869 1644 Albim
1912 1591 2113 1643 Suevos
2150 1605 2455 1645 summovet
2475 1629 2493 1651 ‚
2538 1611 2722 1645 versus

1689 1683 1888 1724 ortum.
1936 1671 2121 1722 Postea
2164 1667 2233 1721 ad
2282 1671 2521 1724 Danubii
2560 1683 2723 1742 eaput

1689 1750 2129 1820 commigrarunt.
2151 1747 2519 1804 Hermunduri
2542 1751 2721 1814 fuere,

1689 1829 1783 1900 qui
1828 1847 1974 1881 nunc
2006 1828 2227 1880 Bohemi
2252 1869 2269 1892 ‚
2311 1831 2615 1901 populique
2652 1831 2720 1884 ab

1687 1909 1773 1962 his
1800 1909 1904 1960 fusi
1939 1926 2113 1979 usque
2142 1906 2211 1960 ad
2256 1909 2491 1961 Danubii
2528 1911 2718 1980 ripam.

1652 2043 1659 2049 ,
1696 1989 1797 2040 -In
1822 1985 2215 2040 Hermunduris
2232 2027 2248 2052 ,
2274 1987 2457 2058 inquit
2478 1990 2715 2044 Tacitus.

1689 2068 1797 2122 loc.
1823 2067 1914 2119 cit.
1942 2085 2059 2137 cap.
2094 2073 2162 2129 41
2188 2107 2205 2132 ‚
2238 2068 2390 2120 Albis
2414 2069 2591 2122 oritur
2616 2068 2721 2121 flu-

1691 2166 1816 2200 men
1835 2145 2123 2214 inclytum:
2144 2148 2290 2215 juxta
2309 2147 2719 2200 Hermunduros

1691 2225 2061 2279 Marcomanni
2083 2239 2136 2279 et
2162 2223 2343 2291 Quadi
2364 2239 2593 2294 agunt...
2620 2229 2718 2280 Ea·

1692 2324 1799 2378 que
1842 2304 2143 2358 Germania
2190 2304 2361 2358 veluti
2406 2305 2557 2358 frons
2606 2319 2683 2359 est
2700 2343 2717 2366 .

1693 2397 1953 2456 quatenus
2012 2383 2263 2437 Danubio
2323 2385 2657 2453 praetexitur.
2688 2411 2713 2433 D

1694 2463 1875 2518 Sentio
1911 2463 2141 2516 convelli
2174 2480 2207 2515 a
2245 2481 2333 2514 me
2364 2466 2719 2518 recentiorum

1694 2543 2143 2614 Geograpborum
2192 2541 2389 2613 placita
2428 2564 2443 2594 ε
2486 2543 2583 2596 sed
2628 2545 2721 2596 hos

1692 2623 1829 2675 nihil
1856 2622 1914 2674 in
1940 2621 2187 2692 prasenti
2212 2639 2416 2674 moror.
2442 2622 2629 2678 Hann-

1782 2721 1873 2755 υ.
1902 2701 2101 2765 Chatti,
2126 2714 2227 2754 etc.
2264 2701 2470 2754 Chattis
2500 2703 2721 2756 Franco-

1694 2781 1839 2834 niam
1860 2817 1877 2842 ,
1924 2782 2373 2834 Brunswieensem
2420 2783 2685 2836 Ducatnm
2704 2820 2721 2845 ,

1695 2862 2263 2930 circumjacentemque
2300 2860 2405 2913 late
2448 2863 2721 2932 regionem
2756 2920 2770 2928 ,

1698 2958 1728 2992 a
1760 2940 2057 2993 Franconia
2098 2939 2167 2993 ad
2197 2940 2543 2994 Chaucorum
2594 2941 2721 2995 fines

1697 3019 1982 3072 Cheruscis
2030 3017 2377 3072 adscribimus
2410 3038 2425 3072 :
2472 3020 2531 3072 hi
2581 3021 2721 3074 euim

1697 3099 1837 3152 inter
1877 3099 2099 3152 Chattos
2141 3099 2495 3170 Chaucosque
2533 3099 2723 3165 medii,

1698 3177 1887 3231 Tacito
1910 3190 2043 3231 teste
2060 3216 2075 3242 ,
2096 3177 2191 3230 lib.
2220 3175 2291 3230 de
2316 3177 2519 3232 Mor-ib.
2540 3179 2722 3233 Germ.

1699 3276 1819 3329 cap.
1850 3257 1944 3311 36.
1978 3258 2165 3310 Hann-

1784 3337 1875 3391 23.
1907 3337 2110 3389 Peucini
2129 3375 2145 3402 ,
2177 3335 2449 3390 Bastemae.
2478 3337 2722 3402 Peucini,

1702 3435 1839 3489 quos
1862 3414 2083 3488 quidam
2104 3417 2381 3468 Bastarnas
2405 3431 2635 3483 vocant,
2654 3419 2727 3470 in-

1702 3496 1820 3568 quit
1858 3495 2112 3560 Tacitus,
2160 3497 2266 3548 loc.
2313 3495 2405 3548 eit.
2456 3515 2583 3568 cap.
2636 3501 2722 3561 46.

1704 3577 1897 3630 Strabo
1924 3588 2099 3628 tamen
2132 3575 2505 3628 Bastarnarum
2524 3590 2729 3646 partem

1702 3673 1812 3708 esse
1832 3655 2096 3708 Peucinos
2112 3667 2294 3726 putat,
2320 3654 2417 3707 lib.
2440 3657 2583 3720 vu,
2610 3673 2727 3726 pag.

1706 3733 1833 3788 306.
1866 3737 1947 3787 De
1974 3735 2169 3787 horum
2200 3735 2303 3786 situ
2332 3732 2575 3786 diximus
2612 3753 2726 3804 cap.

1707 3833 1735 3866 2
1748 3813 1800 3868 5.
1827 3814 2013 3867 Gallos
2032 3813 2216 3866 Livius
2236 3831 2447 3883 semper
2469 3815 2727 3884 appellat,

1701 3893 1793 3946 lib.
1828 3895 2029 3947 XLIV.
2056 3895 2300 3946 Attamen
2330 3891 2593 3947 Germani
2622 3909 2728 3946 esse

1701 3971 1994 4026 ducuntur.
2040 3972 2263 4028 Gruteri
2310 3972 2553 4044 inscript.
2608 3989 2725 4044 pag.

1705 4052 1815 4117 453
1834 4093 1851 4118 ,
1883 4053 2223 4106 Bssrsmua.
2249 4052 2432 4106 Hiran.
