2950 5017
517 450 619 533 44

623 578 1098 673 Carthaginem
1119 578 1194 602 ¹⁰⁰

1255 581 1669 650 conveniunt
1732 580 1964 676 populi
1980 580 2050 605 ¹⁰¹

1049 450 1128 516 C.
1195 447 1529 517 PLlNll
1596 448 1810 519 NAT.
1886 450 2133 519 HIST.

2109 583 2291 650 LXV
2305 634 2325 666 ‚
2378 582 2671 676 exceptis

439 706 476 756 9
517 684 882 757 insularum
921 684 1175 755 incolis.
1211 688 1312 755 Ex
1351 686 1612 756 colonia
1648 689 1967 757 Accitana
2004 686 2492 758 Gemellenses’
2480 686 2551 711 ’²⁰
2558 742 2578 774 ‚
2604 702 2675 757 et

512 790 972 863 Libisosona'⁰

923 777 997 815 ’00
1045 795 1443 887 cognomine
1484 796 2077 889 Foroaugustana,
2084 794 2358 931 quibus
2410 794 2672 862 duabus

505 900 618 993 jus
650 898 858 968 Italiae
894 898 1179 967 datum:
1227 924 1308 968 ex
1351 899 1613 970 colonia
1652 887 2107 971 Salariense¹⁰

2148 901 2465 996 oppidani
2494 902 2673 971 Latii

513 1007 756 1075 veteris
813 1005 1360 1087 CastulonenseS,
1399 1008 1513 1100 qui
1556 1009 1804 1078 Caesari
1852 1006 2140 1078 Venales
2194 1006 2669 1102 appellantur.

515 1112 880 1183 Setabitani
901 1097 978 1135 ’0
980 1164 1000 1197 ,
1027 1114 1141 1205 qui
1179 1115 1600 1207 Augustani:
1630 1101 2137 1184 Valerienses¹⁰⁶

515 1320 744 1393 gisenses
769 1311 866 1389 (ut
901 1335 1045 1374 recte
1081 1322 1258 1375 Parin.
1291 1315 1455 1389 edit.)
1474 1360 1493 1389 .,
1518 1342 1551 1375 a

516 1402 703 1471 Σέγισα
747 1402 804 1454 in
848 1400 1074 1455 Bastinis
1116 1400 1322 1472 oppido
1347 1440 1366 1467 ,
1405 1400 1551 1475 apud

517 1481 742 1535 Ptolem.
776 1481 870 1534 lib.
894 1482 978 1547 11,
1007 1500 1125 1553 cap.
1159 1482 1414 1541 annm.

607 1579 734 1614 roo.
767 1560 1130 1631 Carthaginem.
1173 1562 1550 1634 Carthaginem

517 1658 731 1705 novam,
743 1659 862 1713 qua
874 1641 1039 1693 bodie
1054 1642 1112 1693 in
1129 1641 1351 1696 Murcioe
1363 1656 1552 1713 regno,

524 1720 821 1791 Cat-sagena.
859 1747 883 1779 ι,
905 1720 1224 1791 Carthagine
1253 1741 1394 1775 nova
1427 1726 1555 1775 con·

519 1812 738 1853 ventum
760 1801 1157 1873 agebat-Galba,
1183 1827 1205 1847 ι
1233 1801 1408 1873 inquit
1419 1802 1553 1855 Sue-

520 1881 699 1935 tonius
727 1881 784 1934 in
812 1884 927 1953 ejus
952 1881 1058 1933 vita
1075 1920 1092 1945 ‚
1118 1900 1235 1952 cap.
1261 1900 1314 1951 9.
1337 1882 1524 1935 liano.

607 1977 739 2015 101.
769 1962 948 2032 Populi
967 1960 1141 2013 LXV.
1167 1960 1255 2013 Sic
1283 1962 1336 2013 in
1366 1960 1551 2015 Chiffl.

521 2040 831 2112 Daleeamp.
861 2053 1040 2095 autem
1071 2040 1360 2095 etElzevir.
1379 2043 1556 2113 populi

519 2120 698 2174 LXII.
729 2116 832 2174 En.

610 2218 739 2253 102.
777 2199 1110 2255 Gemellenses.
1143 2200 1230 2254 Sic
1269 2200 1555 2255 Accitaniae

521 2279 747 2332 colonioe
764 2282 905 2335 cives
926 2280 1277 2335 vocabantur:
1293 2282 1406 2352 ipsa
1422 2320 1438 2347 ,
1453 2282 1554 2334 Co-

523 2360 657 2412 lonia
677 2359 816 2412 Julia
849 2360 1070 2414 Gemella
1109 2362 1387 2426 Accitana,
1417 2362 1552 2415 Cor..

523 2440 638 2493 Iu..
657 2439 808 2493 Gu.
835 2440 1139 2505 Accu-ms,
1168 2439 1313 2512 apud
1332 2440 1552 2495 Gruter.

521 2537 641 2590 pag.
691 2538 824 2588 271.
855 2522 1010 2575 Accis
1033 2519 1198 2575 hodie
1225 2520 1466 2586 Guadzae,
1494 2521 1553 2573 in

521 2598 838 2655 Granatensi
865 2620 1048 2671 regno.
1077 2602 1158 2653 De
1179 2600 1434 2654 Gemellae
1463 2620 1555 2655 co·

519 2680 773 2749 gnomine
787 2683 1033 2752 superius
1045 2679 1298 2735 diximus.
1313 2682 1376 2733 In
1392 2700 1557 2735 num-

521 2759 624 2811 mis
641 2759 899 2833 antiquis:
921 2762 986 2817 C.
1014 2762 1060 2815 1.
1081 2762 1150 2815 G.
1171 2765 1326 2815 Acer.
1342 2774 1398 2813 et
1419 2762 1553 2815 coz..

523 2838 678 2893 Gur.
708 2843 860 2895 Acer.
882 2843 1065 2895 Hnn.

610 2920 734 2973 103.
761 2920 1066 2977 Libisosona.
1098 2921 1169 2974 Et
1196 2922 1311 2975 hnc
1341 2920 1556 2974 colonia

520 2998 624 3053 fuit
639 3036 656 3064 ,
673 2999 819 3071 apud
843 3001 1003 3055 Grut.
1023 3020 1141 3073 pag.
1169 3006 1279 3055 260
1297 3042 1313 3069 ‚
1341 3019 1404 3053 ex
1424 3002 1551 3056 Ant.

522 3080 856 3150 Augustino,
903 3082 1154 3136 Comum
1198 3082 1553 3135 Luusosuto-

521 3178 658 3213 nvn.
687 3162 888 3232 Estque
917 3162 1078 3215 Plinii
1101 3161 1332 3227 calculo,
1353 3162 1447 3231 qui
1467 3179 1552 3214 κη

519 3239 754 3293 colonias
789 3240 847 3293 in
887 3242 1134 3295 citeriore
1164 3240 1422 3313 Hispania
1465 3260 1554 3295 re-

519 3319 866 3374 censet.Vide
889 3321 1088 3375 librum
1107 3320 1177 3375 de
1191 3322 1240 3375 N
1245 3320 1438 3373 ummis
1459 3340 1554 3374 an·

519 3398 702 3471 tiqnis,
735 3403 902 3454 verbo
927 3404 1116 3457 Ceus.
1146 3401 1438 3466 AntoninO,
1461 3401 1552 3455 Li·

518 3478 700 3533 bisosa
726 3494 806 3535 est
841 3498 858 3533 ε
887 3480 1136 3537 Διὲισόκα.
1178 3482 1467 3535 Ptolemoeo
1494 3482 1551 3533 in

522 3556 799 3626 Oretanis,
824 3561 919 3616 lib.
947 3564 1031 3629 11,
1057 3581 1174 3634 cap.
1199 3567 1254 3617 6.
1281 3559 1444 3615 Unde
1463 3562 1553 3614 Li-

523 3640 710 3701 bisoca,
752 3640 894 3712 quod
933 3643 990 3695 in
1029 3642 1247 3697 vetustis
1280 3639 1557 3695 codicibus

521 3719 811 3789 reperitur,
835 3722 1008 3792 legere
1029 3723 1147 3775 vult
1167 3722 1557 3793 Dalecampiuffi

523 3816 686 3870 quem
707 3813 915 3854 secutus
928 3815 1007 3855 est
1027 3803 1144 3855 Elz.
1169 3802 1334 3855 Aiunt
1355 3813 1559 3855 exstare

521 3878 684 3949 hujus
713 3879 902 3952 oppidi
943 3880 1138 3935 rudera
1164 3880 1233 3935 ad
1261 3881 1523 3935 Lebazuza
1541 3920 1558 3946 ,

519 3958 636 4013 sive
663 3960 858 4012 Lezuza
883 3960 942 4013 in
973 3964 1232 4015 Provincia
1255 3962 1317 4015 de
1341 3962 1557 4033 Cuenfa,

519 4038 668 4093 haud
685 4041 869 4111 procul
891 4042 958 4095 ab
977 4042 1092 4113 ipso
1117 4041 1320 4115 oppido
1343 4042 1391 4095 C
1387 4064 1553 4113 ueugta.

523 4118 704 4173 ΒΑΜ).
736 4134 786 4175 et
813 4122 914 4174 En.

2142 1112 2671 1209 ‚stipendiario-

1728 1333 1852 1390 1⁰4·
1895 1324 2186 1377 Salariense.
2240 1326 2399 1377 Nunc
2458 1322 2675 1376 Cazorla

1638 1402 1839 1457 dicitur
1866 1405 1925 1457 in
1961 1424 2129 1476 regno
2152 1403 2471 1458 Granatensi
2511 1421 2528 1456 ε
2558 1420 2676 1455 aevo

1639 1485 1885 1555 sequiore
1912 1483 2141 1549 Saliotis,
2166 1498 2229 1537 nt
2252 1496 2439 1537 auctor
2461 1496 2541 1535 est
2564 1484 2598 1534 J
2600 1501 2675 1534 u·

1636 1564 1763 1617 lian.
1790 1564 2135 1635 Archipresb.
2160 1562 2441 1617 Adversar.
2464 1580 2675 1615 numm.

1644 1644 1777 1698 356.
1800 1644 2046 1697 Salatiam
2066 1656 2123 1696 et
2144 1642 2483 1697 Castulonem
2496 1641 2677 1695 diver-

1640 1742 1695 1777 sa
1711 1722 1822 1777 duo
1842 1724 2203 1777 oretanorum
2226 1720 2457 1793 oppida,
2478 1740 2676 1794 perpe-

1640 1823 1753 1857 ram
1770 1810 1793 1869 ,‘
1816 1818 1877 1858 ut
1914 1821 2053 1875 saepe
2079 1804 2242 1869 solet,
2266 1802 2495 1855 Ptolem.
2526 1802 2674 1855 facit.

1640 1884 1811 1937 Vetus
1845 1884 2119 1952 inscriptio
2163 1883 2219 1935 in
2248 1882 2405 1936 Thea.
2438 1882 2639 1934 Goltzii
2660 1918 2675 1939 .

1639 1982 1695 2034 p.
1716 1969 1786 2026 40
1806 1981 1820 2016 :
1838 1964 1969 2017 Cot..
1990 1964 2112 2016 ἔνι..
2136 1963 2275 2016 Avo.
2301 1962 2673 2015 Summanus.

1646 2044 1856 2097 Coesaris
1915 2042 2126 2096 Venales
2174 2040 2433 2095 dicuntur
2453 2079 2470 2107 ,
2528 2039 2679 2112 quod

1639 2141 1795 2194 agros
1806 2142 1995 2179 eorum
2008 2124 2186 2177 Cesar
2198 2122 2346 2175 emit.
2359 2120 2447 2174 Sic
2461 2121 2681 2175 Trium·

1638 2202 1797 2274 pilini
1844 2203 2097 2267 inferius,
2140 2220 2258 2273 cap.
2315 2207 2420 2265 24,
2484 2201 2678 2252 ‘unalis

1642 2302 1747 2335 cum
1765 2288 1900 2353 agris
1926 2288 2024 2336 suis
2042 2283 2250 2352 populus
2272 2280 2587 2353 appellatur.
2610 2280 2679 2333 In

1640 2362 1833 2417 concil.
1862 2363 2039 2416 Tolet.
2070 2364 2124 2415 X
2142 2401 2159 2427 ,
2189 2362 2391 2415 Marcus
2424 2360 2677 2413 Castalio-

1643 2445 1803 2495 nensis
1847 2446 2118 2515 episcopus,
2156 2460 2258 2514 pro
2298 2441 2678 2495 Castulonensi-s.

1644 2523 1827 2577 Halm.

1732 2605 1863 2657 105.
1889 2601 2178 2656 Setaba‘tani.
2222 2599 2463 2662 zamam<
2490 2601 2675 2655 Ptole·

1644 2702 1806 2749 mmo,
1826 2683 1883 2735 in
1906 2681 2243 2736 Contestania
2255 2720 2272 2748 ,
2286 2680 2357 2735 de
2372 2700 2478 2752 qua
2490 2700 2675 2753 supra.

1643 2762 1895 2816 Straboni
1920 2760 2131 2824 Σεταὸὶς
2148 2802 2165 2827 ,
2194 2762 2289 2815 lib.
2316 2762 2427 2827 111,
2452 2780 2507 2833 p.
2549 2765 2677 2815 160.

1643 2842 1801 2897 Nunc
1814 2842 1879 2895 Χ
1876 2846 2031 2909 atim,
2048 2861 2232 2895 recens
2248 2840 2393 2895 dicta
2409 2840 2466 2894 S.
2486 2842 2681 2912 Felipe,

1640 2923 1701 2977 in
1728 2925 1899 2994 Reyno
1930 2922 1993 2975 de
2038 2923 2095 2974 V
2090 2922 2278 2974 alenda
2298 2962 2315 2988 ,
2350 2919 2420 2973 ad
2464 2939 2683 2974 amnem

1641 3004 1829 3057 Χατίνα
1848 3044 1863 3071 ,
1888 3002 1983 3074 qui
2004 3002 2061 3054 in
2092 3001 2296 3055 flumen
2320 3001 2503 3053 Xuoar
2539 3000 2682 3055 fluit.

1639 3084 1784 3137 Hinc
1802 3081 2014 3137 sudaria
2028 3081 2218 3135 Setaba
2236 3080 2307 3135 de
2322 3081 2521 3152 quibus
2544 3078 2685 3135 dixi-

1640 3183 1761 3217 mus
1786 3163 1845 3216 in
1864 3163 2071 3217 Praei'at.
2104 3161 2171 3215 ad
2198 3162 2418 3227 Titum,
2447 3180 2505 3230 p.
2536 3179 2589 3213 ο.
2612 3163 2681 3213 In

1640 3244 1808 3298 Cone.
1840 3244 2010 3296 Tolet.
2034 3230 2121 3306 Χ,
2143 3242 2449 3296 Athanasius
2485 3238 2684 3293 Setaba'-

1643 3336 1805 3378 tanus.
1830 3322 1900 3375 Η.
1930 3336 1985 3376 et
2010 3324 2119 3375 En.

1729 3402 2473 3455 106.Valer1ensesvasoens
2510 3398 2683 3470 ipsam

1642 3483 1919 3537 concham
1935 3520 1951 3547 ‚
1976 3482 2170 3553 Cuenfa
2187 3520 2203 3547 ‚
2214 3480 2503 3549 ⁸Coloniam
2550 3479 2683 3533 olim

1641 3564 1676 3616 J
1678 3562 1841 3617 uliam
1882 3562 2151 3614 Valeriam
2171 3559 2493 3632 appellatam
2528 3576 2641 3611 esse
2666 3578 2683 3613 ε

1645 3643 1961 3696 Ambrosius
1986 3640 2244 3705 Morales,
2270 3659 2381 3692 non
2404 3638 2683 3694 concham

1646 3724 1817 3795 ipsam
1840 3761 1857 3787 ,
1900 3719 1993 3775 sed
2035 3738 2235 3792 pagum
2282 3719 2447 3772 leucis
2488 3732 2611 3771 octo
2650 3740 2683 3772 a

1653 3803 1843 3873 Caenea
1870 3800 2113 3854 dissitum
2129 3840 2145 3867 ‚
2174 3797 2455 3853 meridiem
2498 3816 2689 3851 versus

1648 3896 1831 3953 putat,
1860 3881 1949 3935 cui
1974 3900 2173 3934 nomen
2200 3877 2365 3933 hodie
2406 3878 2463 3931 V
2458 3879 2593 3929 alera
2628 3882 2683 3931 la

1646 3966 1787 4033 veja,
1811 3962 2083 4033 antiquam
2098 3959 2371 4031 Valeriam
2404 3976 2515 4011 esse
2546 3977 2682 4011 con-

1646 4041 1831 4095 tendit.
1860 4044 1921 4094 In
1963 4042 2130 4094 Cone.
2156 4039 2330 4092 Tolet.
2356 4040 2403 4090 X
2422 4078 2437 4101 ,
2466 4036 2683 4108 Stepha-

1646 4142 1733 4175 nus
1770 4124 2058 4175 Vale-ricmis
2096 4126 2355 4191 episcopus.
2388 4118 2571 4171 Ham).
