2950 5017
1070 444 1379 513 LIBER
1428 443 1560 509 v1.
2227 467 2372 539 ,721

237 581 510 660 vinum,
540 593 620 648 ut
642 576 846 647 Indos
860 575 937 662 ⁷⁹,
967 575 1203 671 palmis
1238 576 1646 671 exprimere,
1674 571 1894 643 oleum
1924 598 2213 646 sesamae.
2241 580 2386 647 Nu·

239 687 722 756 merosissimos
744 708 884 753 esse
902 685 1311 751 Homeritas.
1331 681 1588 750 Minaeis
1609 679 1855 749 fertiles
1874 705 2070 775 agros
2085 681 2387 776 palmetis

240 792 730 912 arbustisque,
714 815 781 858 m
813 814 1053 908 pecore
1082 772 1412 857 divitias⁸⁰
1416 773 1858 856 .Cerbanos⁸¹
1889 801 1957 856 et
1955 790 2280 916 gAgraeos
2286 813 2390 860 ar-

240 900 369 968 mis
404 913 751 992 praestare,
786 897 1070 964 maxime
1112 893 1650 964 Chatramotitas.
1682 877 2003 962 Carreis⁸²
2039 892 2390 966 latissimos

243 1018 314 1074 et
356 1003 790 1073 fertilissimos
835 1025 1049 1096 agros.
1096 983 1420 1069 Sabae0s⁸³
1457 997 1814 1068 ditissimos
1850 998 2166 1069 silvarum
2207 1001 2388 1071 ferti·

244 1108 429 1179 litate
473 1108 841 1195 odorifera,
866 1109 1011 1176 auri
1038 1105 1353 1192 metallis,
1390 1128 1706 1241 agrorum
1753 1106 1999 1199 riguis:
2030 1106 2241 1176 mellis
2281 1133 2390 1177 ce-

244 1239 466 1309 raeque
545 1228 861 1344 5roventu.
910 1215 1018 1281 De
1063 1211 1381 1281 odoribus
1434 1195 1592 1280 suo³
1597 1197 1970 1280 ‘dicemus
2028 1211 2386 1283 volumine.

243 1305 569 1390 Arabes⁵
601 1321 849 1388 mitrati
890 1318 1176 1437 degunt,
1206 1332 1319 1386 aut
1346 1318 1613 1385 intonso
1647 1317 1870 1384 crine.
1900 1315 2109 1386 barba
2138 1319 2392 1389 abradi·
2433 1351 2497 1403 19

244 1441 393 1506 tur,
430 1441 869 1520 praeterquam
901 1427 970 1492 in
1006 1425 1348 1518 superiore
1385 1421 1592 1490 lab1·.o
1631 1420 1790 1491 Aliis
1819 1436 1887 1490 et
1917 1422 2061 1491 haee
2091 1425 2390 1495 intonsa.

246 1534 625 1650 mirumque
652 1531 834 1600 dictu
869 1555 951 1598 ex
984 1531 1349 1598 innumeris
1382 1526 1646 1622 populis
1669 1513 1858 1640 pars⁸
1859 1513 2184 1622 ⁶aequain
2219 1557 2396 1601 com-

248 1639 547 1723 merciis,
584 1651 699 1706 aut
741 1635 1101 1706 latrociniis
1144 1635 1382 1780 degitsz⁷
1408 1635 1475 1702 in
1517 1634 1900 1702 universum
1938 1648 2166 1727 gentes
2201 1637 2396 1708 ‹litis-

250 1745 469 1830 simae,
501 1757 578 1812 ut
605 1742 783 1837 apud
818 1766 1001 1871 quas
1020 1725 1356 1810 maximae⁸
1358 1739 1572 1834 ⁷opes
1610 1741 2070 1808 Romanorum
2106 1743 2398 1812 Partho-

248 1873 536 1943 rumque
584 1833 1001 1918 subsistant⁸³
1018 1901 1037 1933 ‚
1091 1846 1530 1916 vendentibus
1577 1869 1726 1940 quae
1769 1869 1808 1913 e
1847 1847 2018 1914 mari
2061 1864 2179 1917 aut
2219 1849 2400 1920 silvis

248 1957 561 2049 capiunt,
604 1953 766 2022 nibil
809 1955 1095 2022 invicem
1136 1951 1631 2021 redimentibus.

359 2061 690 2129 XXXIII.
722 2059 922 2128 Nunc
952 2059 1273 2155 reliquam
1298 2083 1486 2128 oram
1524 2057 1784 2126 Arabiae
1812 2059 2216 2130 contrariam
2247 2085 2396 2157 per·
2440 2090 2464 2127 1

252 2191 627 2260 sequemur.
642 2165 1108 2235 Timosthenes
1129 2179 1345 2234 totum
1371 2165 1588 2232 sinum
1617 2163 1952 2255 quatridui
1977 2167 2400 2260 navigatione

252 2345 403 2420 apud
435 2349 783 2414 Strabonem,
828 2348 926 2401 lib.
957 2347 1093 2400 XVI
1111 2386 1127 2411 ,
1160 2365 1281 2420 pag.
1370 2346 1536 2398 banos.
1579 2347 1647 2398 In
1673 2357 1778 2399 vet.
1806 2344 1953 2417 apud
1982 2347 2160 2402 Dalee.
2193 2349 2400 2404 Centho·

251 2447 395 2498 777,
416 2427 805 2483 Γαλαιιτοπόται
827 2466 843 2493 ,
872 2425 1079 2480 idcirco
1112 2426 1242 2479 dicti
1263 2467 1279 2490 ,
1370 2445 1475 2478 mes.
1521 2425 1626 2478 En.

254 2506 403 2578 apud
424 2507 702 2560 Columell.
733 2507 831 2560 lib.
855 2507 987 2572 VII,
1005 2525 1122 2578 cap.
1146 2528 1199 2572 2,
1228 2524 1281 2577 p.
1454 2506 1550 2558 82.
1603 2505 1815 2558 Can-eh.
1867 2505 1954 2559 Sie
1998 2505 2152 2561 MSS.
2193 2527 2397 2564 omnes,

258 2593 398 2656 ²49·
438 2585 623 2640 Ilum.
1370 2585 1514 2638 Male
1545 2585 1725 2639 Dalec.
1771 2585 1975 2639 Cara-is.
2005 2588 2088 2640 De
2116 2586 2201 2640 his
2241 2607 2400 2660 supe-

342 2685 436 2735 79.
470 2666 537 2717 Ut
553 2665 719 2718 Indos.
746 2665 980 2730 Plinius,
1002 2664 1099 2717 lib.
1126 2664 1283 2730 XIV,
1370 2665 1518 2729 rius,
1544 2664 1648 2717 hoc
1673 2665 1792 2735 ipso
1823 2683 1942 2734 cap.
1969 2665 2036 2718 H.
2055 2679 2110 2719 et
2129 2667 2233 2718 En.

252 2764 306 2800 c.
340 2762 434 2814 19,
456 2745 549 2796 ubi
576 2743 645 2796 de
670 2744 810 2796 vinis
834 2744 1083 2798 factitiis.
1117 2743 1284 2796 upri-
1454 2743 1548 2799 83.
1585 2741 1802 2797 Saboeos.
1843 2745 2067 2810 Strabo,
2103 2745 2200 2800 lib.
2229 2747 2401 2816 XVI,

258 2843 445 2888 mum,
472 2823 674 2894 inquit,
714 2841 745 2876 e
775 2824 995 2895 palmis,
1024 2842 1131 2895 quo
1159 2823 1285 2876 Par-
1369 2841 1426 2894 p.
1462 2824 1593 2892 778.
1635 2823 1817 2876 Hmn.

261 2905 379 2968 ihi,
404 2915 457 2956 et
484 2901 611 2955 ludi
634 2915 876 2968 utuntur,
902 2913 957 2954 et
983 2903 1180 2956 Oriens
1202 2913 1284 2954 to·
1456 2905 1548 2966 84.
1575 2901 1676 2954 Suo
1697 2903 1922 2956 dicemus.
1951 2903 2120 2957 Libro
2145 2903 2400 2960 duodeci-

260 2997 364 3036 tus.
401 2981 524 3034 »Et
549 2983 645 3034 lib.
672 2983 800 3048 XV,
831 2999 949 3053 cap.
980 3001 1040 3051 7,
1070 2978 1139 3034 de
1164 2982 1284 3034 oleo
1371 3000 1480 3035 mo.
1516 2982 1701 3035 Hum-

258 3062 513 3116 factitio:
542 3058 707 3114 «Indi
736 3079 801 3114 ex
825 3062 1109 3124 castaneis,
1137 3073 1189 3137 et
1211 3078 1291 3113 se-
1456 3061 1548 3114 85.
1576 3061 1787 3115 Arabes.
1827 3062 1997 3115 Solini
2037 3065 2397 3134 paraphrasis,

258 3159 409 3194 sama
425 3180 441 3204 ,
483 3153 643 3212 atque
684 3159 846 3210 oryza
893 3141 1065 3194 facere
1100 3139 1290 3192 dicun·
1378 3157 1498 3211 cap.
1525 3159 1727 3202 xxx111,
1753 3161 1808 3212 p.
1835 3141 1906 3193 63
1933 3160 1946 3193 :
1977 3167 2000 3189 ιι
2019 3143 2220 3196 Arabes
2241 3145 2398 3216 longe

263 3235 404 3274 tur.»
434 3217 540 3272 Adi
566 3231 621 3273 et
644 3219 993 3286 Strabonem,
1014 3219 1109 3273 lib.
1131 3219 1289 3284 XVI,
1376 3219 1593 3291 lateque
1627 3219 1848 3285 diffusi,
1889 3220 2111 3274 diversis
2155 3224 2398 3277 moribus

264 3319 321 3370 p.
350 3300 489 3369 783.
514 3299 699 3351 Han.
1376 3300 1585 3364 vivunt,
1606 3311 1658 3351 et
1682 3300 1934 3352 cultibus.
1961 3300 2212 3354 Plurimis
2233 3305 2398 3356 erinis

348 3381 441 3432 80.
500 3379 734 3432 Divitias.
758 3378 885 3432 Vet.
931 3376 1076 3449 apud
1108 3377 1286 3432 Dalec.
1375 3377 1644 3441 intonsus,
1697 3379 1872 3450 eapite
1915 3379 2072 3431 mitra
2109 3379 2396 3436 redimita:

262 3459 454 3510 diones.
478 3459 585 3510 En.
1377 3476 1502 3528 pars
1543 3476 1657 3510 rasa
1699 3457 1756 3508 in
1783 3470 1959 3511 cutem
1999 3459 2162 3511 barba
2192 3477 2207 3512 ε
2249 3479 2398 3514 eom·

349 3540 383 3592 8
398 3559 441 3590 x.
476 3536 721 3592 cerbanos
749 3549 800 3588 et
822 3537 1053 3606 Agr-ceos.
1084 3534 1289 3589 Eodem
1376 3537 1592 3590 merciis
1613 3535 1850 3590 student:
1871 3537 2038 3590 aliena
2053 3557 2162 3591 non
2183 3555 2398 3606 emunt,

266 3617 379 3670 fere
402 3616 483 3668 illi
517 3616 711 3670 ordine
735 3617 979 3687 superius
1008 3616 1169 3688 paulo
1195 3632 1291 3685 ap·
1376 3615 1624 3668 vendunt
1647 3635 1760 3669 sua.
1785 3642 1809 3664 ι
1842 3617 2016 3670 Mitrae
2035 3635 2204 3687 porro
2223 3619 2399 3673 fascia

264 3695 471 3768 pellati,
501 3696 607 3749 hoc
632 3695 752 3766 ipso
782 3696 957 3766 capite
980 3713 995 3748 ε
1024 3721 1049 3743 α
1082 3695 1289 3766 Agrai,
1379 3707 1524 3760 sunt,
1550 3695 1746 3766 quibus
1765 3708 1925 3768 caput
1942 3695 2217 3766 religatur.
2249 3697 2319 3753 Η.

265 3773 501 3830 Cerbani
521 3812 537 3839 ,
581 3773 748 3828 Snbni
793 3775 1031 3828 Arabum
1069 3785 1295 3845 propter
1472 3775 1716 3829 86.Pars
1727 3795 1885 3846 oequa.
1904 3776 2027 3829 Vet.
2055 3775 2199 3847 apud
2217 3779 2401 3833 Dalec.

268 3853 1300 3925 thuradnrisuimi.-Undeliquidoaffir-
1387 3853 1519 3905 Pars
1544 3873 1759 3926 cooequa.
1797 3856 1904 3907 En.

266 3951 419 3986 mare
434 3933 547 4002 jam
577 3932 702 3986 lieet
727 3927 967 3986 vitiosam
997 3952 1109 3986 esse
1130 3933 1300 3986 libro·
1470 3937 1567 4002 87·
1593 3934 2040 3987 massmanalec.
2061 3939 2279 3990 maxime.
2299 3937 2408 3991 En.

268 4031 392 4066 rum
406 4011 663 4066 hactenus
674 4010 1265 4084 editorumscriptnram
1284 4050 1302 4078 ,
1472 4014 1566 4066 88.
1599 4011 1893 4069 Subsistane.
1918 4013 2223 4086 Delecnmp.
2255 4017 2412 4069 subsi-

274 4090 547 4145 Cambanos
581 4103 631 4143 et
674 4093 843 4146 Arios.
879 4094 946 4146 In
978 4092 1135 4147 MSS.
1172 4093 1301 4146 Ceu·
1390 4091 1531 4145 dant.
1557 4093 1662 4146 En.

438 4191 543 4258 II.
2083 4191 2180 4274 [16
