2950 5017
364 801 432 833 to

469 424 565 492 28

1000 424 1075 491 C.
1135 424 1482 493 PLINII
1539 426 1757 494 NAT.
1818 425 2084 492 HIST.

464 580 584 625 ora
618 556 914 624 venienti
954 580 1163 649 prope
1194 556 1574 625 Maenobam
1621 581 1886 624 amnem
1925 570 1993 625 et
2021 558 2236 651 ipsum
2273 555 2625 651 navigabi-

470 663 633 749 lem,
668 661 852 731 haud
890 662 1127 756 procul
1160 661 1468 733 accolunt
1501 660 1986 757 Alontigiceli¹²
1989 715 2008 748 ‚
2045 661 2350 757 Alostigi.

572 770 741 859 Quae
771 782 994 837 autem
1035 771 1218 900 regio
1248 794 1287 838 a
1316 772 1475 840 Baeti
1514 770 1597 838 ad
1636 770 1916 838 fluvium
1946 771 2163 837 Anam
2195 768 2410 838 tendit
2433 784 2628 838 extra

464 876 813 971 praedicta,
852 862 1200 945 Baeturia¹³
1242 875 1657 1015 appellatur,
1695 880 1761 946 in
1800 876 1965 944 duas
1998 875 2210 945 divisa
2247 890 2499 971 parteS,
2529 890 2628 944 to-

466 981 802 1077 tidemque
832 997 1105 1077 gentes:
1139 970 1494 1053 Celticos¹⁴
1525 986 1680 1115 qui⁵
1671 984 2084 1052 Lusitaniam
2113 985 2481 1077 attingunt,
2513 985 2628 1050 Hi-

466 1087 785 1183 spalensis
824 1104 1249 1159 conventus·
1274 1076 1680 1159 Turdulos*⁵
1685 1144 1704 1177 ,
1751 1092 1865 1185 qui
1902 1091 2316 1183 Lusitaniam
2357 1104 2426 1158 et
2458 1092 2628 1157 Tar·

470 1220 903 1267 laconensem
950 1194 1301 1283 accolunt,
1338 1196 1528 1291 jura¹

1534 1183 1978 1267 ⁶Cordubam
2024 1210 2286 1290 petunt.
2332 1194 2632 1266 Celticos

466 1328 509 1371 a
528 1301 929 1373 Celtiberis¹7
952 1328 1035 1371 ex
1062 1306 1405 1373 Lusitania
1433 1304 1779 1373 advenisse
1804 1302 2230 1371 manifestum
2249 1317 2348 1371 est
2358 1304 2633 1422 ‚OsacriS‚

470 1409 731 1505 lingua,
768 1409 1173 1504 oppidorum
1217 1411 1595 1496 vocabulis,
1630 1436 1779 1505 quae
1823 1410 2334 1505 cognominibus
2379 1411 2450 1477 in
2486 1413 2631 1479 Bae-

472 1518 604 1585 tica
638 1516 1181 1611 distinguuntur:
1226 1504 1492 1589 Seriae¹⁸
1539 1516 1869 1612 adjicitur
1888 1520 2090 1586 Fama
2127 1516 2346 1585 Julia:
2380 1519 2632 1587 Nerto-

560 1790 651 1824 12.
680 1772 1031 1842 Alontigieeli,
1076 1774 1315 1842 Alostigi.
1348 1771 1500 1825 MSS.

474 1852 601 1922 Reg-
631 1864 684 1904 et
719 1850 877 1905 Colb.
902 1853 1151 1921 Alontigi,
1191 1852 1503 1922 Coele'lostige‘.

474 1930 658 1986 Chiffl.
686 1931 926 2001 Alaseigi.
953 1932 1333 2003 Alontigicelos
1350 1934 1505 2003 juxta

474 2013 665 2064 urbem
716 2012 1001 2082 Frigiliana
1046 2012 1203 2082 ponit
1254 2012 1464 2064 Samson
1485 2052 1501 2076 ‚

478 2092 742 2161 Alostigos
769 2105 946 2145 autem
963 2094 1116 2163 juxta
1139 2092 1407 2162 Almagae'a,
1427 2092 1508 2144 in·

476 2184 557 2224 ter
586 2171 797 2241 Malaga
828 2184 883 2223 et
911 2173 1210 2245 Antequera.
1238 2172 1344 2226 En.

564 2250 652 2305 13.
684 2252 926 2305 Boetun‘a.
948 2254 1214 2323 Βαιτουρία
1238 2251 1510 2318 Straboni,

477 2330 572 2383 lib.
596 2332 679 2384 111
695 2370 711 2397 ,
736 2348 855 2403 pag.
891 2337 1022 2395 14²-
1047 2327 1209 2385 Nunc
1230 2350 1421 2403 magna
1446 2350 1511 2385 ex

477 2424 627 2483 parte
648 2412 888 2463 Petroclaea
908 2410 1123 2477 dicitur,
1142 2412 1213 2465 ob
1234 2424 1510 2481 petrarum

478 2490 858 2562 frequentiam,
901 2505 1029 2545 teste
1072 2492 1161 2547 Jo.
1211 2491 1514 2563 Sepulveda

478 2570 861 2644 Cordubense,
882 2570 951 2625 de
972 2572 1145 2643 petria
1168 2590 1263 2625 sua
1286 2573 1361 2625 sic
1381 2572 1513 2625 scri-

477 2651 638 2704 bente
656 2649 726 2704 ad
748 2652 1057 2707 Pintianum
1068 2691 1085 2719 ,
1098 2652 1195 2706 lib.
1213 2653 1315 2716 111,
1336 2653 1510 2723 Epist.

486 2729 577 2793 45.
600 2730 786 2785 Hau).
1364 2790 1373 2795 ,

568 2830 593 2863 1
608 2817 661 2876 4.
702 2811 911 2864 Celticos
926 2853 943 2875 ,
986 2816 1075 2884 qui
1104 2812 1407 2864 Lusitaniam
1434 2825 1515 2863 at-

483 2894 693 2960 tingant.
724 2893 825 2945 Eas
852 2891 1092 2963 regiones
1117 2892 1401 2945 incoluisse
1431 2893 1517 2945 vi-

480 2970 679 3024 dentur
717 2971 938 3036 Celtici,
978 2990 1097 3044 quae
1149 2971 1291 3025 inter
1334 2991 1518 3025 amnes

488 3050 849 3123 Guadalquioir
892 3064 948 3104 et
1006 3050 1273 3105 Gaudiana
1306 3054 1486 3123 jacent
1501 3091 1517 3116 ‚

480 3132 697 3186 circiter
736 3150 903 3203 usque
944 3131 1168 3201 Badajoz
1193 3132 1514 3200 {civitatem3

482 3211 687 3265 scilicet
747 3212 1058 3263 orientalem
1118 3224 1327 3282 partem
1386 3231 1517 3283 pro-

485 3292 676 3346 vinciae
695 3309 855 3363 quam
874 3292 1104 3361 Alentejo
1116 3303 1327 3357 vocant,
1344 3292 1524 3345 Estra·

389 3438 398 3449 ·
486 3370 723 3425 maduroe
756 3372 1037 3425 australem
1070 3383 1277 3443 partem
1296 3410 1313 3436 ‚
1351 3390 1520 3443 usque

484 3451 678 3505 urbem
722 3452 949 3523 Badajoz
966 3494 982 3516 ,
1002 3451 1520 3523 septemtrionalem-

484 3548 590 3601 que
604 3542 813 3603 partem
825 3532 978 3604 regni
992 3532 1336 3603 HispalensiS‚
1350 3532 1522 3603 Reyno

486 3612 545 3662 de
570 3612 766 3664 Sevae'lla.
794 3614 899 3665 En.

574 3709 599 3743 1
614 3691 667 3745 5.
706 3692 950 3744 Turdulos
957 3729 973 3753 ‚
1020 3695 1104 3761 qui
1144 3692 1447 3743 Lusitaniam
1472 3704 1524 3743 et

497 3770 902 3823 Tarraconensem
982 3772 1220 3825 accolunt.
1298 3770 1518 3825 Scilicet

488 3851 633 3904 hanc
683 3851 965 3904 Lusitaniae
1012 3863 1067 3903 et
1109 3852 1523 3905 Tarraconensis

489 3942 728 3996 nartem,
766 3949 885 4002 quae
923 3930 1088 3985 hodie
1132 3930 1523 3985 Estramadurae

488 4027 611 4081 pars
631 4023 711 4064 est
738 4014 883 4082 juxta
913 4010 1177 4083 oppidum
1208 4011 1355 4083 quod
1378 4032 1522 4065 nunc

490 4090 713 4160 Badajo:
764 4105 986 4156 vorant,
1018 4106 1193 4145 ortum
1235 4093 1354 4145 solis
1402 4112 1522 4145 vcr-

1593 1790 1706 1839 sus,
1729 1772 2280 1844 septemtrionalisque
2300 1790 2426 1842 pars
2444 1772 2640 1843 Hispa·

1595 1852 1754 1905 leusis
1783 1852 1934 1923 regni
1954 1892 1969 1917 ,
1996 1853 2166 1925 Resno
2189 1853 2250 1904 de
2270 1852 2469 1907 Sco-illa.
2497 1852 2606 1905 En.

1683 1935 1773 1985 16.
1813 1934 1940 1985 Jara
1989 1932 2283 1985 Cordubam.
2337 1932 2476 1986 Sunt
2518 1934 2632 1986 fori

1596 2026 1999 2083 conventusque
2041 2010 2424 2066 Cordubensis.
2459 2012 2527 2065 H.
2549 2044 2637 2053 --

1597 2091 1772 2144 Scribi
1839 2093 2024 2145 malim
2085 2093 2313 2159 Corduba
2329 2113 2351 2155 ;
2405 2091 2638 2163 perinde

1594 2190 1828 2243 namque
1845 2186 1922 2226 est
1941 2184 2098 2243 atque
2117 2174 2158 2225 si
2177 2171 2452 2225 Turdulos
2471 2174 2640 2227 hosce

1597 2251 1702 2305 fori
1741 2251 2106 2307 Cordubensis
2147 2273 2257 2306 esse
2299 2251 2517 2306 dixisset
2541 2266 2642 2306 aut

1595 2346 1908 2386 conventus.
1937 2334 2140 2385 Dsmzc.

1687 2430 1754 2482 17
1765 2451 1778 2464 .
1795 2413 1849 2465 A
1874 2412 2144 2466 Celtiberis.
2161 2414 2205 2465 A
2223 2411 2502 2466 Celtiberis
2519 2412 2644 2484 qui-

1598 2489 1722 2544 dem
1739 2531 1756 2557 ‚
1800 2493 2058 2563 quoniam
2099 2490 2432 2565 oppidorum
2471 2510 2639 2545 voca-

1598 2570 1726 2625 bula
1783 2573 1838 2625 iu
1891 2572 2182 2626 Celtiberia
2237 2591 2452 2644 quoque
2504 2586 2640 2627 sunt

1597 2650 1774 2724 paria,
1801 2652 1858 2704 in
1886 2653 2082 2706 Baetica
2113 2653 2522 2724 cognominibus
2547 2650 2640 2705 di-

1599 2732 1946 2803 stinguuntur
1991 2750 2005 2783 :
2063 2732 2120 2785 in
2177 2732 2448 2786 Lusitania
2503 2752 2640 2787 vero

1602 2812 1902 2866 Celtiberos
1933 2811 2232 2867 consedisse
2259 2814 2440 2883 prius,
2468 2830 2640 2884 quam

1601 2892 1660 2945 in
1683 2892 1970 2946 Baeturiam
1997 2894 2429 2964 commigrarent,
2447 2891 2644 2947 suadet

1603 2971 1828 3043 lingum,
1875 2992 2256 3046 sacrorumque
2298 2970 2640 3027 similitudo:

1605 3064 1659 3105 et
1683 3053 1907 3105 nomina
1930 3054 2094 3107 etiam
2117 3053 2378 3106 nonnulla
2400 3052 2641 3124 oppido-

1603 3151 1726 3185 rum
1755 3133 1985 3203 gemina.
2026 3134 2186 3187 Hunc
2220 3134 2403 3186 locum
2439 3133 2642 3187 frustra

1605 3212 1896 3265 sollicitant
1926 3214 2232 3279 Pintianus„
2260 3226 2312 3266 et
2335 3212 2551 3266 Salmas.
2581 3214 2641 3267 in

1607 3292 1778 3345 Solin.
1811 3311 1932 3363 pag.
1969 3312 2110 3363 ²79,
2146 3305 2334 3347 contra
2371 3292 2643 3347 librorum

1607 3372 1850 3426 omnium
1873 3391 2218 3426 eonsensum.
2251 3373 2434 3426 ΗΑΒ».

1695 3453 1778 3505 18.
1810 3452 1964 3505 Serioe
1990 3453 2240 3523 adjicitur.
2265 3452 2644 3523 Subintellige,

1605 3550 1920 3603 cognomen.
1967 3533 2124 3586 Prius
2160 3533 2455 3604 legebatur,
2497 3532 2644 3585 Seria

1607 3632 1718 3685 qaoe
1733 3613 1914 3665 dieitur·
1937 3614 2096 3667 Fama
2121 3613 2261 3665 Iulia
2284 3634 2304 3667 .-
2326 3614 2382 3665 V
2379 3612 2640 3682 ertebn'ge,

1613 3692 1909 3747 Concordia.
1923 3733 1936 3745 .
1955 3733 1968 3745 .
1989 3734 2003 3745 .
2023 3733 2035 3746 .
2066 3692 2370 3747 Callensibus
2391 3695 2647 3747 Emanici.

1609 3772 1788 3836 Quam
1814 3773 2100 3826 lectionem
2129 3774 2374 3827 vitiosam
2411 3771 2650 3826 ostendit

1609 3850 1822 3906 dissona
1855 3872 1887 3906 a
1927 3855 2110 3923 priore
2144 3868 2296 3923 parte
2335 3854 2650 3925 posterioris

1610 3944 1870 3987 structura
1911 3934 2188 3986 sermonis.
2235 3934 2346 3987 Nos
2393 3930 2648 3986 codicum

1610 4014 1739 4083 Reg.
1785 4032 1808 4065 1
1829 4050 1844 4077 ,
1883 4034 1910 4065 2
1935 4050 1951 4075 ‚
1991 4014 2146 4067 colb.
2193 4032 2213 4065 ι
2237 4052 2254 4079 ,
2296 4033 2323 4065 a
2345 4052 2360 4077 ,
2391 4027 2444 4065 et
2473 4013 2646 4067 Paris.

1611 4091 1774 4145 fidem
1813 4094 1979 4146 secuti
2015 4112 2230 4164 sumus,
2261 4108 2318 4147 ut
2360 4095 2471 4147 sere
2507 4093 2646 4148 sole·
