2950 5017
559 429 696 522 794
1395 433 1538 500 DE
1584 431 1817 502 srru

548 559 739 620 ,ιι-εἰοι-
758 547 1030 621 Babylona
1043 589 1062 618 ‚
1086 561 1142 604 et
1168 549 1392 604 Ninum.
1410 575 1438 596 ³·
1463 551 1658 623 ltaque
1676 549 1877 624 Assyrii
1896 547 1969 604 ad
1991 549 2331 604 occidentem
2357 549 2537 622 Tigris
2554 549 2697 604 fluvii

551 636 578 688 f
579 654 735 689 uere:
765 649 822 690 et
845 637 963 708 ipsa
991 636 1248 710 primaria
1268 637 1456 692 civitas
1484 637 1823 710 Assyriorum
1838 637 2063 701 «Ninus,
2076 637 2213 691 fuit·
2226 638 2374 690 iutra
2397 637 2699 710 Mesopota-

552 723 714 776 miam
731 763 749 786 ,
781 749 808 770 «ι
829 723 1076 796 imposita
1111 724 1264 796 Tigri
1281 760 1298 789 ,
1329 724 1402 778 ad
1429 725 1553 778 solis
1578 743 1829 778 occasum
1861 735 2109 796 spectans
2127 761 2144 787 ,
2166 749 2193 771 ι·
2218 735 2353 778 teste
2378 723 2571 778 eodem
2596 724 2701 776 Pli-

552 811 643 863 nio
663 851 679 878 ,
708 813 788 863 vl
802 851 819 878 ,
849 815 931 866 ιδ.
953 812 1184 883 vulgato
1211 813 1505 884 Interprete
1528 811 1795 866 neminem
1822 823 1921 866 aut
1941 811 2212 872 locorum,
2234 823 2327 864 aut
2350 829 2516 865 sacras
2540 810 2701 864 tradi-

550 897 710 952 tionis
726 937 742 963 ‚
768 911 860 952 aut
879 899 1116 954 hebraici
1135 900 1394 954 sermonis
1417 900 1725 972 peritiorem
1750 899 1955 973 experti
1973 917 2183 961 sumus,
2212 899 2308 970 qni
2329 917 2483 952 snam
2510 899 2705 970 cuique

551 985 675 1040 voci
714 987 1118 1041 convenientem
1161 987 1603 1060 significationem
1644 1005 1750 1060 pro
1791 988 2098 1059 argumenti
2144 987 2354 1042 ratione
2408 986 2703 1040 admodum

549 1074 787 1146 apposite
813 1075 1018 1129 tribuit.
1045 1076 1232 1149 Neque
1257 1075 1405 1129 enim
1426 1096 1602 1129 versus
1624 1079 1905 1142 Assyriam,
1934 1074 2081 1148 quod
2110 1074 2704 1148 pauido-hebraizantes

548 1162 655 1215 hoe
686 1162 808 1216 loco
833 1174 1126 1235 reponunt,
1151 1162 1297 1217 idem
1322 1162 1466 1217 valet
1494 1176 1655 1236 atque
1679 1174 1867 1217 contra
1900 1162 2143 1237 Assyrios
2165 1183 2182 1218 ε
2214 1181 2327 1236 quo
2351 1163 2526 1217 verbo
2546 1161 2706 1216 fluere

551 1250 727 1322 Tigris
755 1251 952 1305 dicitur
979 1250 1048 1305 ad
1076 1251 1336 1306 orientem
1365 1253 1703 1326 Assyriorum
1724 1270 1741 1317 3
1771 1251 1847 1306 ita
1871 1265 1933 1306 ut
1966 1264 2019 1306 et
2042 1265 2207 1325 caput
2242 1269 2435 1305 eor-um
2471 1252 2703 1315 Ninum,

546 1348 599 1391 et
627 1338 928 1394 universam
967 1339 1230 1394 ditionem
1249 1380 1267 1408 ,
1305 1340 1474 1413 qualis
1520 1355 1649 1396 tune
1683 1340 1783 1394 fnit
1801 1379 1818 1407 ,
1852 1339 2187 1394 dextrorsum
2226 1340 2431 1394 babeat
2446 1377 2466 1405 ‚
2490 1339 2612 1394 sive
2638 1339 2703 1392 ad

545 1443 796 1480 occasum
823 1426 970 1482 solis.
1007 1429 1198 1502 Itaque
1223 1443 1394 1480 conv-a
1419 1432 1646 1495 Asffn'os
1683 1425 1831 1481 idem
1866 1428 1958 1480 hie
1994 1429 2144 1482 valet
2178 1439 2341 1501 atque
2372 1431 2450 1479 ad
2470 1431 2702 1479 orientem

542 1515 943 1587 Mesopotamia
963 1538 978 1569 ε
1003 1535 1172 1589 quum
1196 1528 1308 1572 tota
1327 1515 1462 1570 ditio
1486 1517 1823 1590 Assyriorum
1838 1555 1856 1581 ,
1878 1529 2033 1570 atate
2047 1517 2235 1570 saltem
2256 1515 2375 1582 illa,
2402 1533 2511 1588 qua
2530 1515 2705 1569 Mones

542 1603 827 1668 scribebat,
843 1605 1230 1678 Mesopotamia
1251 1606 1444 1672 fuerit3
1461 1623 1639 1678 neque
1657 1606 1750 1658 illa
1768 1605 2107 1660 solnmmodo
2120 1646 2137 1674 ,
2153 1604 2247 1659 sed
2264 1617 2321 1658 et
2336 1605 2502 1678 longe
2518 1617 2701 1678 postes

545 1703 902 1764 consequente
931 1705 1114 1759 βαίη
1151 1692 1591 1772 quandoquidem
1626 1693 1873 1768 Assyrios
1906 1692 2116 1766 aliquid
2154 1693 2293 1746 ultra
2318 1692 2533 1766 Tigrim
2569 1691 2702 1746 obti-

543 1780 724 1833 nuisse
757 1781 929 1834 Sacra
968 1781 1186 1842 Littera
1219 1799 1487 1854 nusquam
1522 1780 1774 1853 prodant.
1796 1780 2001 1834 Similis
2032 1779 2161 1834 huie
2198 1781 2403 1834 locutio
2438 1780 2703 1845 occurrit,

539 1880 654 1920 tum
686 1867 817 1922 alibi
839 1867 1039 1940 passim
1057 1906 1074 1932 ,
1105 1881 1220 1922 tum
1243 1867 1299 1922 in
1329 1869 1521 1942 primis
1544 1870 1682 1923 Gen.
1704 1887 1819 1932 ιιι,
1842 1871 1905 1932 8,
1930 1869 2027 1922 ubi
2054 1866 2125 1922 de
2156 1869 2359 1922 Abram
2384 1887 2568 1922 sermo
2594 1879 2701 1920 est:

539 1985 566 2004 ..
583 1957 652 2011 Et
689 1955 820 2010 inde
851 1955 1246 2029 transgrediens
1285 1956 1355 2010 ad
1401 1968 1638 2011 montem
1654 1996 1669 2021 ,
1706 1955 1803 2028 qui
1828 1968 1943 2010 erat
1970 1968 2157 2010 eontra
2188 1957 2453 2010 orientem
2484 1955 2701 2018 aethei,

537 2045 760 2100 tetendit
787 2045 862 2098 ibi
883 2045 1289 2099 tabernaculum
1317 2040 1474 2098 suum
1492 2084 1509 2113 ,
1532 2045 1602 2098 ab
1623 2044 1903 2099 occidente
1924 2045 2127 2099 babens
2146 2045 2349 2098 Bethel.
2366 2071 2394 2091 -
2414 2045 2505 2100 Sic
2528 2042 2699 2116 Tigris

537 2147 654 2188 erat
679 2152 774 2188 seu
800 2131 1030 2188 *radebat
1053 2131 1318 2187 orientalis
1338 2133 1566 2206 Assyriis
1580 2170 1596 2196 ‚
1614 2133 1727 2187 sive
1750 2131 1920 2205 (quod
1932 2133 2089 2194 ‚idem
2107 2136 2203 2200 est)
2224 2132 2435 2189 habeus
2461 2132 2535 2186 ab
2560 2131 2697 2186 occi·

541 2223 703 2302 degte
725 2221 991 2296 Assyrios.

609 2311 906 2365 Confirmat
929 2309 1074 2364 banc
1099 2321 1334 2363 nostum
1359 2309 1431 2364 de
1453 2310 1682 2384 Assyria
1712 2309 1907 2364 veteris
1942 2310 2049 2363 situ
2075 2311 2393 2366 sententiam
2424 2309 2697 2382 egregium

535 2399 772 2454 Balaami
793 2397 1098 2453 vaticinium
1118 2435 1136 2463 ,
1155 2397 1318 2452 Num.
1341 2417 1467 2452 xxtv
1481 2435 1499 2458 ,
1524 2398 1591 2453 23
1608 2435 1623 2462 ,
1646 2404 1713 2462 24
1738 2415 1753 2452 τ
1774 2401 2206 2472 «Assumptaque
2222 2398 2480 2471 parabola
2498 2399 2695 2452 iterum

536 2487 751 2542 locutus
786 2499 901 2542 est:
939 2487 1088 2547 Heu.
1121 2486 1242 2558 quis
1277 2489 1518 2540 victurus
1547 2497 1625 2541 est
1642 2525 1661 2550 ‚
1690 2486 1913 2560 quando
1940 2488 2044 2541 ista
2068 2486 2232 2540 faciet
2254 2485 2439 2539 Deus?
2463 2487 2695 2541 Venient

535 2576 596 2630 in
617 2575 863 2629 trieribus
889 2573 958 2630 de
978 2575 1132 2629 Italia
1146 2615 1163 2641 ‚
1183 2577 1515 2646 superabunt
1544 2575 1779 2649 Assyrios
1793 2613 1810 2639 ,
1834 2577 2224 2648 vastabuntque
2242 2573 2499 2628 Hebraeo·
2514 2615 2533 2640 ,
2552 2587 2607 2628 et
2624 2573 2692 2628 ad

533 2678 825 2720 extremum
855 2663 1015 2718 etiam
1038 2664 1142 2736 ipsi
1161 2665 1430 2736 peribunt.
1453 2691 1478 2710 a
1504 2664 1827 2719 vaticinatio
1847 2665 1993 2718 enim
2016 2665 2131 2724 haec
2154 2675 2233 2717 est
2257 2662 2326 2717 de
2351 2663 2511 2718 clade
2532 2681 2690 2737 quam

529 2753 730 2806 illaturi
769 2764 944 2806 essent
982 2753 1202 2810 Romani
1234 2753 1268 2806 J
1272 2749 1432 2806 udaia
1465 2754 1568 2806 sub
1608 2753 1935 2824 Vespasiano
1952 2793 1969 2818 ,
2004 2770 2173 2825 quum
2197 2750 2350 2824 prius
2376 2751 2693 2806 devicissent

523 2842 693 2916 Syrias
718 2853 771 2894 et
792 2840 1190 2913 Mesopotamia
1217 2859 1395 2912 reges.
1419 2841 1625 2900 Seleuci
1646 2853 1915 2914 posteros:
1936 2841 2057 2913 ipso
2078 2841 2442 2894 Romanorum
2466 2837 2691 2912 imperio

523 2944 704 3004 postea
740 2929 966 2982 ruituro.
998 2931 1168 3001 Reges
1195 2927 1363 3000 Syrioe
1389 2927 1610 2983 Balaam
1636 2929 1873 3002 appellat
1910 2928 2153 3002 Assyrios
2173 2966 2190 2991 ‚
2216 2927 2477 3002 quoniam
2514 2929 2687 2982 Meso·

523 3017 773 3091 potamia
800 3017 1106 3087 imperaturi
1135 3028 1315 3079 erant,
1340 3035 1461 3088 quae
1488 3029 1617 3070 tunc
1639 3017 1855 3091 Assy-ria
1881 3016 2209 3072 vocabatur:
2232 3015 2687 3088 quemadmodum

523 3107 774 3160 Hebraeos
802 3104 1057 3177 appellat,
1085 3103 1155 3157 de
1179 3105 1400 3158 nomine
1432 3105 1538 3158 sibi
1570 3117 1697 3159 tunc
1724 3117 1855 3160 noto
1873 3144 1888 3168 ‚
1920 3104 2013 3177 qui
2048 3105 2221 3177 reipsa
2252 3116 2385 3158 tunc
2422 3118 2579 3159 erant
2607 3104 2687 3160 di-

521 3193 681 3248 cendi
705 3193 878 3248 Judoei
896 3229 914 3258 ‚
939 3211 1110 3265 quum
1133 3211 1168 3246 a
1194 3191 1529 3264 Vespasiano
1547 3204 1901 3247 vastarentur.

593 3286 883 3352 Euphrates.
922 3283 1005 3334 De
1038 3280 1184 3334 fonte
1209 3279 1502 3358 Euphratis
1532 3280 1651 3335 haze
1676 3300 1841 3354 pauca
1865 3280 2069 3334 Plinius
2085 3320 2102 3348 ,
2120 3279 2204 3344 V,
2236 3297 2340 3332 so:
2364 3305 2389 3326 α
2406 3281 2599 3334 Oritur
2630 3281 2682 3334 in

519 3373 831 3446 praefectura
857 3371 1118 3424 Ατωοηὶω
1143 3369 1363 3442 Major-is
1389 3369 1698 3424 Caranitide
1716 3410 1735 3438 ,
1760 3370 1860 3424 sub
1887 3369 2159 3424 radicibus
2184 3369 2397 3422 montis.
2414 3395 2443 3414 ι·
2463 3369 2685 3442 Proprie

517 3479 575 3515 se
596 3460 726 3514 olim
745 3459 899 3512 alveo
916 3457 1161 3528 ostioque
1182 3454 1495 3509 effundebat
1515 3457 1570 3510 in
1598 3475 1769 3511 mare.
1798 3456 1975 3510 Testis
1998 3455 2140 3510 idem
2162 3454 2371 3509 Plinius
2386 3494 2403 3523 ,
2431 3457 2551 3522 VI,
2576 3457 2638 3510 32
2664 3473 2681 3510 t

517 3576 544 3595 0.
568 3549 743 3602 Locus
759 3586 775 3613 ,
799 3545 893 3600 ubi
919 3545 1204 3617 Euphratis
1229 3543 1422 3598 ostium
1453 3545 1575 3598 fnit.
1595 3571 1621 3591 a·
1647 3547 1849 3599 Verum
1887 3555 2066 3616 postea
2094 3543 2359 3598 derivatus
2384 3544 2441 3596 in
2480 3545 2681 3618 Tigrim

517 3649 597 3690 est
613 3675 629 3698 ,
656 3648 708 3689 et
731 3634 790 3687 in
811 3651 967 3706 agros
990 3631 1209 3686 viciuos.
1237 3631 1388 3685 Idem
1407 3673 1423 3698 ,
1451 3650 1569 3704 cap.
1596 3637 1660 3686 31
1686 3651 1701 3686 τ
1730 3659 1756 3679 σι
1772 3632 1875 3688 Sed
1898 3634 2057 3704 longo
2084 3644 2329 3704 tempore
2354 3631 2679 3702 Euphratem

518 3720 1098 3796 praclusere,0rcheni
1116 3757 1134 3783 ,
1159 3731 1212 3773 et
1241 3719 1436 3774 accolo
1462 3739 1620 3792 agros
1642 3721 1908 3792 rigantes:
1932 3738 2033 3773 nec
2056 3718 2159 3772 nisi
2182 3718 2429 3789 Pasitigri
2447 3718 2683 3772 defertur

413 3820 440 3850 ³
513 3813 572 3866 in
595 3829 758 3864 mare.
775 3836 801 3856 ι·
825 3808 890 3862 Id
911 3825 1109 3861 nomen
1132 3819 1210 3860 est
1231 3807 1378 3860 amni
1401 3807 1558 3879 Tigri
1576 3807 1721 3863 eirca
1742 3807 2161 3880 Ctesiphontem.
2175 3806 2451 3859 luscitiam
2470 3805 2675 3860 Hebraei

516 3907 778 3964 sermonis
815 3906 870 3959 in
906 3903 1142 3975 Josepho
1161 3941 1178 3968 ,
1202 3905 1296 3976 qui
1322 3923 1519 3958 nomen
1546 3904 1839 3977 Euphratis
1870 3923 1938 3958 ex
1963 3909 2127 3976 ΓΓῚΞ
2156 3901 2397 3971 derivet,
2426 3901 2577 3975 quod
2602 3913 2677 3954 est

497 4002 720 4071 florere,
735 3996 1015 4066 geminare
1031 4031 1047 4058 ,
1077 3993 1167 4046 alii
1193 4004 1319 4046 ante
1341 4009 1440 4046 nos
1469 3992 1988 4054 animadverterunt,
