2950 5017
1178 450 1489 521 LIBER
1536 455 1659 521 VJ

2328 468 2475 562 429

339 583 556 653 ridum
575 566 599 605 ⁵
639 578 1166 675 supradictarum
1191 633 1213 666 ‚
1261 586 1657 679 vagantibus
1702 590 1974 663 Graeciae
2021 595 2280 669 fabulis.
2327 603 2472 672 Nec
2507 606 2511 609 ’

339 686 572 783 procul
615 700 770 755 ante
817 686 1139 783 oppidum
1188 688 1430 761 fluvius
1490 680 1829 783 Lethon⁶,
1879 696 2068 770 lucus
2108 729 2316 791 sacer,
2352 708 2465 777 ubi

339 791 782 888 Hesperidum
823 792 1000 861 horti
1039 812 1509 866 memorantur.
1555 799 1761 870 Abest
1800 826 1839 871 a
1882 806 2077 901 Lepti
2119 814 2467 881 cccnxxv⁷
2506 841 2537 873 2

341 924 420 969 Μ.
462 922 796 995 passuum.
835 898 940 967 Ab
983 923 1064 968 ea
1110 904 1391 972 Arsinoe
1406 889 1452 987 ⁸,
1504 906 1834 977 Teuchira
1910 915 2235 1003 vocitata,
2294 942 2471 989 xmn

343 1028 426 1075 Μ.
463 1029 796 1101 passuum.
827 1008 918 1075 Et
941 1004 1178 1076 deinde
1206 1007 1559 1081 Ptolemais
1572 1010 1620 1096 ⁹,
1648 1015 1919 1110 antiquo
1939 1022 2207 1091 nomine
2230 998 2471 1111 Barce,

342 1238 578 1303 Solinus,
603 1256 723 1308 cap.
763 1255 935 1303 xxvn,
974 1258 1028 1312 p.
1057 1241 1147 1307 53,
1171 1260 1368 1316 nempe
1398 1210 1406 1217 '

343 1317 510 1391 Syrtis
532 1316 766 1388 majoris.
795 1316 1024 1383 Borion,
1059 1318 1370 1392 credo,pro-

345 1395 670 1449 montorium
707 1394 986 1466 intelligit,
1019 1396 1086 1450 de
1113 1417 1220 1470 quo
1249 1418 1365 1471 cap.

346 1494 461 1547 sup.
489 1492 598 1546 quo
617 1473 848 1545 Syrtium
875 1479 1046 1548 major
1060 1477 1373 1544 includitur,

344 1572 440 1607 seu
474 1552 790 1606 terminatur
827 1554 894 1607 ab
921 1553 1162 1609 orientali
1199 1570 1368 1629 parte.

345 1632 526 1685 flant).
539 1662 608 1672 -
622 1632 775 1684 Nunc
792 1636 1022 1699 Tejonas.
1041 1634 1149 1687 En.

420 1710 468 1763 5.
493 1712 828 1777 Hesperidum.
847 1711 920 1763 Ut
939 1725 1202 1783 vagantur
1223 1713 1373 1767 sahu-

350 1789 442 1854 la,
479 1788 673 1859 inquit,
703 1788 829 1841 alibi
870 1788 989 1842 aliis
1020 1791 1371 1863 Hesperidum

349 1869 530 1921 hortos
545 1868 919 1931 statuentibus,
937 1867 1052 1921 aliis
1073 1870 1288 1941 quidem
1315 1871 1373 1923 in

348 1946 632 2019 Magnesia,
653 1947 768 2000 aliis
791 1946 860 2000 ad
892 1948 1086 2000 fretum
1104 1946 1370 2005 Herculis:

351 2026 403 2077 in
425 2044 630 2078 oceano
669 2024 822 2079 aliis:
861 2026 953 2079 hic
987 2045 1205 2099 quoque
1237 2018 1382 2083 non-¹

349 2104 485 2157 nulli
502 2104 838 2158 collocarunt
862 2105 1177 2176 Hesperidas
1195 2144 1212 2171 ,
1242 2126 1374 2178 quas

349 2202 470 2257 cap.
497 2202 543 2243 ι,
566 2182 636 2236 ad
656 2184 920 2237 Atlantem
944 2200 1176 2239 montem
1199 2189 1376 2260 posui-

347 2280 485 2315 mus.
519 2262 870 2327 Ptolemaeus,
901 2263 995 2316 lib.
1025 2265 1124 2331 IV,
1141 2284 1260 2338 cap.
1306 2273 1374 2333 4,

353 2344 564 2414 Βερενίκη
577 2380 592 2404 ,
613 2345 644 2401 ἡ
657 2344 740 2396 καὶ
757 2334 1034 2410 an-spida.
1045 2345 1376 2410 Ammianus,

351 2423 442 2477 lib.
467 2424 653 2490 XXII,
677 2442 799 2495 pag.
821 2424 947 2487 233,
970 2428 1220 2491 Berenice,
1251 2446 1377 2494 quas

350 2506 645 2572 Hesperidas
659 2507 928 2571 appellant.
956 2502 1207 2575 Hesperia
1225 2504 1377 2577 priua

351 2580 492 2635 dicta
529 2592 606 2635 est
629 2622 644 2646 ,
680 2599 798 2654 qua
845 2601 972 2635 mox
1007 2582 1262 2635 Berenice
1309 2585 1379 2637 ab

352 2678 522 2714 uxore
548 2660 820 2713 Ptolemaei
851 2661 1138 2731 Evergetae.
1161 2662 1381 2734 Stepha-

352 2758 454 2793 nus
475 2758 490 2793 :
523 2731 722 2808 Εσπιρὶς
749 2740 886 2801 πόλις
909 2738 1082 2800 Λιὲύης
1097 2777 1112 2801 ‚
1134 2742 1166 2797 ἧ
1189 2748 1266 2794 νῦν
1295 2748 1380 2793 Bs-

355 2818 524 2890 ρινῖκη.
539 2818 702 2881 Mela,
713 2818 762 2880 1,
782 2818 833 2881 8,
848 2838 897 2889 p.
913 2836 934 2871 ι
949 2836 1029 2883 10,
1043 2837 1151 2871 non
1163 2819 1269 2872 alio
1283 2838 1381 2873 no-

354 2900 526 2963 mine,
555 2918 716 2971 quam
745 2898 1088 2971 Hesperidem
1115 2911 1281 2951 vocat.
1309 2900 1376 2952 H.

356 2980 604 3044 -Quem
632 2976 850 3050 quidem
874 2975 1235 3048 Hesperidum
1259 2977 1381 3031 hor·

353 3070 469 3111 tum
501 3056 738 3111 eruditus
764 3058 846 3110 vir
870 3058 1052 3109 Panno
1074 3093 1091 3121 ,
1133 3058 1226 3129 qui
1267 3057 1382 3112 loca

357 3156 528 3209 nuper
561 3138 832 3201 lustravit,
883 3154 1051 3207 prope
1091 3136 1384 3190 Berenicen

359 3234 466 3268 non
493 3216 750 3279 collocat3
785 3234 851 3269 ex
885 3213 1142 3287 Scyllaeis
1182 3212 1384 3269 descri-

360 3294 542 3364 ptione
558 3331 575 3355 ‚
626 3312 694 3347 ex
735 3290 991 3345 Herodoti
1007 3330 1026 3357 ‚
1077 3294 1283 3347 Lucani
1335 3305 1386 3347 et

361 3374 638 3447 Anonymi,
685 3372 884 3444 Peripli
945 3373 1388 3444 interpretatione

361 3472 484 3506 eum
499 3454 554 3505 in
569 3472 778 3505 summo
793 3457 982 3517 d'Hyco
999 3452 1387 3523 promontorio,

363 3530 522 3585 hodie
555 3536 740 3593 Busae,
775 3532 994 3585 mavult.
1034 3532 1176 3587 Nota
1219 3532 1386 3605 ipsius

363 3611 544 3665 adhuc
563 3610 780 3664 inedita.
807 3612 913 3665 En.

435 3694 488 3743 6.
515 3693 721 3743 helion.
744 3691 867 3743 Vet.
895 3707 982 3762 ap.
1010 3690 1191 3742 Dalec.
1219 3692 1386 3743 Lethe.

365 3768 467 3821 En.
501 3798 574 3809 -—
613 3770 694 3821 Ita
727 3768 936 3822 Solinus
964 3781 1019 3821 et
1055 3768 1383 3831 Martianus,

367 3847 494 3901 iocis
526 3848 727 3915 citatis,
755 3849 922 3902 Δάθων
962 3859 1044 3901 est
1077 3847 1386 3907 Ptolemaeo,

367 3927 485 3979 loco
502 3925 684 3988 citato,
697 3929 849 3999 juxta
866 3925 1175 3980 Berenicen.
1191 3928 1392 3983 Ληθαῖος

369 4004 646 4069 Straboni,
676 4004 770 4059 lib.
820 4005 973 4069 XIV,
1014 4022 1135 4076 pag.
1173 4007 1298 4075 647,
1345 4004 1391 4055 iv

369 4074 650 4154 Eompiroeu:
678 4082 871 4147 Δὶῧυσι,
901 4083 990 4136 ubi
1011 4083 1360 4135 casaubonus
1377 4120 1396 4148 ,

1452 1230 1551 1302 qni
1569 1230 1675 1283 sint
1700 1230 1985 1306 Hesperitae
2016 1238 2235 1312 Libyes,
2262 1243 2479 1299 Bereni-

1454 1325 1541 1361 ces
1568 1310 1823 1364 nimirum
1851 1312 2063 1379 nicolai,
2086 1337 2204 1389 quae
2225 1322 2475 1395 Hesperi-

1454 1385 1584 1440 dum
1614 1386 1759 1442 dicta
1798 1404 1877 1445 est
1918 1394 2096 1465 regie,
2142 1398 2357 1453 videtur
2394 1422 2479 1456 ne-

1457 1468 1651 1521 sciisse.
1676 1469 1993 1525 Ptolemaeus
2008 1474 2142 1529 alter
2153 1481 2357 1552 AEgypti
2368 1501 2479 1550 rex,

1455 1548 1757 1603 Commeat.
1774 1550 1865 1603 lib.
1889 1554 1969 1615 11,
1990 1555 2133 1627 apud
2162 1559 2353 1613 Athen.
2379 1562 2475 1616 lib.

1456 1626 1530 1688 11,
1558 1645 1682 1700 pag.
1708 1647 1795 1698 71,
1814 1632 2017 1688 Δήθωνα.
2044 1653 2165 1687 cum
2193 1638 2369 1692 Plinio
2381 1660 2477 1695 vo-

1456 1716 1559 1757 cat.
1586 1708 1651 1759 Et
1682 1706 1772 1761 hic
1802 1729 2043 1783 quoque,
2070 1715 2142 1767 ob
2170 1716 2477 1772 similitudi-

1453 1802 1578 1837 nem
1604 1804 1727 1839 eum
1768 1786 2015 1843 infernali
2036 1794 2221 1861 Lethe,
2247 1797 2481 1851 creditus

1454 1863 1777 1917 oblivionem
1814 1886 2000 1937 parere
2018 1911 2034 1937 ,
2074 1882 2204 1927 teste
2231 1875 2477 1941 Lucano,

1456 1941 1551 1994 lib.
1578 1944 1683 2003 lx,
1703 1964 1780 1998 vs.
1811 1945 1931 2001 355.
1952 1948 2133 2005 Haut).

1528 2040 1581 2092 7.
1634 2025 1952 2079 CCCLXXV.
1990 2026 2078 2081 Sic
2113 2030 2481 2103 rescripsimus

1457 2118 1519 2152 ex
1530 2100 1673 2155 Mss.
1696 2102 1823 2174 Reg.
1846 2121 1897 2167 1,
1922 2123 1971 2167 a,
1988 2107 2145 2161 Colb.
2168 2112 2478 2175 1‚2‚Chiffl.

1457 2178 1623 2233 Paris.
1657 2192 1815 2251 atque
1837 2200 1901 2235 ex
1926 2186 2190 2241 Martiano
2210 2226 2226 2251 ,
2254 2190 2347 2245 lib.
2373 2192 2479 2256 VI,

1458 2276 1515 2328 p.
1542 2276 1661 2330 217.
1680 2258 1835 2315 Prius
1860 2262 2160 2335 legebatur,
2184 2286 2479 2326 cccnxxxv.

1534 2338 1586 2389 8.
1605 2342 1829 2393 Arsinoe.
1849 2331 2073 2413 Ᾰρσινόη,
2090 2348 2123 2403 ἢ
2140 2344 2483 2422 καὶΤιὺχιιρα,

1465 2416 1749 2470 Ptolemaeo
1767 2458 1783 2484 ,
1812 2418 1905 2473 lib.
1938 2422 2043 2483 lv,
2061 2441 2177 2495 cap.
2202 2432 2250 2490 4,
2268 2439 2319 2479 et
2344 2430 2485 2485 Stra·

1461 2495 1619 2559 boni,
1646 2494 1738 2549 lib.
1767 2498 1949 2562 XVII,
1982 2520 2037 2573 p.
2060 2503 2178 2573 837.
2207 2508 2447 2579 Ταύχειρα
2464 2549 2480 2569 ,

1461 2574 1767 2646 Stephano,
1791 2596 1907 2649 pag.
1943 2580 2059 2644 115,
2096 2594 2149 2635 et
2177 2585 2483 2660 Scylaci,p.

1467 2660 1555 2719 44.
1582 2655 1735 2709 Nunc
1756 2661 2031 2709 Taoukrah.
2050 2660 2231 2715 Ham.
2252 2677 2303 2717 et
2319 2667 2425 2719 En.

1539 2752 1589 2802 9.
1612 2738 1891 2790 Ptolemais.
1906 2738 2126 2801 Strabo,
2148 2740 2268 2795 loco
2287 2744 2449 2797 citato
2466 2786 2485 2809 ,

1464 2815 1497 2871 ἡ
1534 2813 1693 2883 Βάρκη
1721 2818 1945 2887 πρότερον
1961 2854 1977 2879 ,
2012 2826 2090 2871 νῦν
2110 2817 2170 2872 δί
2192 2828 2488 2895 Ππολεμοιίς.

1467 2893 1547 2944 Ita
1577 2904 1627 2945 et
1645 2892 1960 2964 Stephanus,
1989 2898 2155 2950 verbo
2173 2902 2351 2972 Βάρκη.
2374 2904 2489 2956 Pto-

1464 2970 1654 3025 lemaeo
1680 2982 1859 3025 tamen
1886 2974 1974 3027 lib.
1996 2975 2095 3040 IV,
2120 2994 2237 3049 cap.
2276 2986 2338 3044 4,
2360 2988 2487 3036 Πτο-

1464 3050 1632 3121 λεμαῒς
1662 3062 1715 3103 et
1735 3052 1891 3123 Βάρκη
1916 3051 2037 3109 duee
2061 3068 2185 3108 sunt
2210 3058 2442 3113 civitates
2472 3082 2488 3117 ε

1466 3128 1583 3182 haec
1623 3128 2030 3196 mediterranea,
2066 3134 2167 3187 -ina
2226 3136 2490 3193 littoralis.

1467 3208 1675 3282 Scylaci
1694 3228 1923 3281 quoque,
1951 3213 2071 3265 loco
2097 3213 2291 3277 citato;
2319 3216 2495 3271 Ptole-

1469 3289 1603 3341 mais
1621 3289 1781 3361 igitur
1794 3287 2024 3353 condita,
2040 3310 2146 3344 non
2163 3312 2228 3345 eo
2248 3294 2367 3347 loco
2383 3315 2494 3368 quo

1475 3368 1642 3422 Barce
1684 3368 1782 3421 suit
1803 3408 1820 3434 ,
1868 3368 1961 3421 sed
2000 3388 2110 3439 quo
2157 3374 2495 3429 Barcaeorum

1475 3458 1674 3517 portus.
1714 3445 1859 3499 Inter
1893 3445 2175 3502 Poenorum
2210 3450 2416 3516 hostes,
2462 3473 2495 3507 a

1474 3526 1697 3577 Marone
1714 3564 1731 3591 ,
1758 3527 1880 3575 AEn.
1933 3525 2027 3577 lib.
2068 3527 2171 3592 IV,
2212 3543 2497 3585 censentur

1486 3628 1511 3651 α
1530 3604 1735 3675 lateque
1771 3602 2005 3657 furentes
2027 3605 2241 3662 Barcaei.
2260 3633 2282 3655 ι
2341 3610 2499 3665 Nune

1474 3699 1690 3755 quoque
1732 3681 1951 3735 interius
1996 3684 2257 3755 oppidum
2309 3688 2501 3744 retinet

1471 3780 1669 3816 nomen
1695 3772 1745 3813 et
1764 3761 1973 3823 incenia,
2005 3767 2228 3816 Bam-ah.-
2244 3764 2390 3820 unde
2414 3788 2501 3823 re·

1475 3842 1646 3915 gionis
1660 3840 1938 3912 appellatio
1959 3860 1972 3894 ε
1990 3840 2241 3908 litterale,
2256 3849 2505 3899 Tolemeta

1478 3930 1840 3991 nuncupatur.
1871 3918 2047 3973 Ham).
2066 3952 2137 3961 —
2164 3921 2314 3976 Idem
2338 3924 2507 4001 incly-

1481 4012 1566 4053 tus
1583 3998 1798 4065 Pscuo,
1830 4010 1889 4050 ut
1910 4017 1973 4051 ex
2000 4000 2161 4071 ipsius
2190 4018 2380 4075 mappa
2409 4024 2507 4058 suo

1486 4080 1542 4131 in
1577 4093 1741 4161 opere
1787 4078 2014 4144 inserta,
2061 4079 2145 4131 cui
2182 4080 2368 4135 titulus
2398 4096 2511 4149 est,
