2950 5017
1082 493 1393 563 LIBER
1455 493 1586 562 vl.

2255 491 2394 586 723

254 653 411 716 nus,
444 651 642 723 quem
680 627 933 696 Arabes
969 629 1167 696 AEant
1200 639 1482 711 vocant,
1515 627 1583 694 in
1620 643 1752 719 quo
1793 623 2160 694 Heroum¹⁰
2195 628 2396 720 oppi-

254 735 417 803 dum
454 749 571 804 est.
626 736 679 802 F
684 733 839 802 uit¹¹
882 747 950 802 et
992 733 1328 827 Cambysu
1379 734 1556 801 inter
1601 731 1808 800 Nelos
1855 746 1921 800 et
1959 731 2394 819 Marclna'claS,

252 839 555 910 deductis
588 865 669 908 eo
702 841 895 936 aegris
937 841 1279 910 exercitus
1314 841 1500 909 Gens
1537 841 1749 933 Tyra,
1785 839 2072 906 Daneon
2114 852 2391 932 portus:

254 971 337 1014 ex
396 971 528 1040 quo
579 945 1021 1076 navigabilem
1066 946 1329 1015 alveum
1376 942 1808 1039 perducere¹²
1851 945 1920 1012 in
1961 944 2226 1031 Nilum,
2265 968 2400 1037 qua

254 1065 445 1145 parte
474 1037 624 1120 ad¹³
660 1051 859 1122 Delta
888 1052 1139 1122 dictum
1164 1052 1492 1136 decurrit,
1524 1073 1672 1120 Lxu
1703 1037 1928 1118 ιῐιίΙΙ.14
1955 1073 2267 1144 passuum
2294 1051 2401 1118 in-

252 1155 532 1226 tervallo
554 1151 603 1288 ⁵(
617 1157 799 1252 quod
855 1159 1029 1227 inter
1068 1157 1318 1226 flumen
1371 1171 1439 1226 et
1488 1155 1796 1225 Rubrum
1857 1181 2040 1226 mare
2087 1147 2400 1244 interest)

252 1266 359 1357 pri
366 1249 578 1332 Inus!⁵

632 1263 932 1333 omnium
984 1265 1300 1334 Sesostris
1351 1264 1618 1357 AEgypti
1674 1287 1792 1330 rex
1845 1263 2194 1356 cogitavit:
2245 1285 2404 1331 mox

252 1371 502 1438 Darius
560 1372 945 1438 Persarum:
998 1369 1235 1439 deinde
1297 1367 1724 1440 Ptolemaeus¹
1707 1353 1755 1392 ¹⁶
1806 1393 2136 1462 sequens.
2177 1371 2292 1513 qu⁷i
2335 1383 2406 1436 et

253 1475 447 1544 duxit
484 1476 730 1545 fossam
760 1475 1105 1547 latitudine
1135 1476 1382 1570 pedum
1412 1490 1717 1559 centum,
1749 1472 2094 1544 altitudine
2132 1472 2282 1543 xL¹⁷
2287 1475 2405 1560 ‚in

251 1579 734 1676 longitudinem
775 1605 1009 1650 xxxvn
1046 1581 1209 1650 mill.
1247 1603 1315 1652 n.
1361 1605 1678 1675 passuum
1721 1579 1966 1674 usque¹
1974 1565 2128 1649 ⁸ad
2161 1583 2404 1648 Fontes

251 1711 539 1758 amaros.
582 1687 781 1758 Ultra
796 1686 843 1727 ¹⁹
888 1688 1213 1759 deterruit
1264 1687 1713 1756 inundationis
1751 1701 2002 1774 metuS,
2045 1685 2404 1756 excelsiore
2440 1701 2472 1755 3

252 1878 387 1932 dere
404 1911 419 1936 2
463 1875 591 1931 inde
633 1897 733 1952 per
773 1879 949 1931 leucas
989 1877 1279 1932 duodecim

254 1957 516 2029 paulatim
544 1975 777 2012 erescere
804 1975 973 2029 usque
1008 1957 1076 2011 ed
1106 1959 1285 2012 latitu-

249 2037 435 2091 dinem
458 2036 619 2090 trium
645 2036 915 2090 leucarum
932 2076 949 2102 ,
978 2056 1009 2090 ι
1032 2049 1165 2091 teste
1197 2037 1281 2090 lo·

250 2116 467 2188 cuplete
493 2127 549 2168 et
573 2118 803 2184 αὖτόπτῃ
824 2115 1130 2171 didicimus.
1155 2116 1225 2170 H.

343 2213 429 2250 ιο.
456 2195 690 2249 Her-om.
722 2195 906 2250 Chisfl.
930 2197 1147 2249 Heroon.
1172 2197 1278 2248 En.

344 2293 437 2329 11.
468 2275 592 2327 Fuit
626 2287 673 2327 et
708 2274 968 2348 Cambysu.
1010 2274 1281 2328 Excidisse

246 2358 359 2427 jam
376 2373 475 2408 suo
500 2371 617 2407 aevo
644 2355 825 2407 innuit
842 2355 983 2408 hanc
1004 2353 1279 2424 Καμβύσου

250 2435 414 2488 πολιν.
468 2435 551 2486 De
602 2435 880 2506 Cambysu!
940 2433 1281 2506 expeditione

252 2513 569 2585 AEgyptiaen
613 2512 781 2567 multa
816 2511 1123 2567 Herodotus
1137 2553 1155 2580 ,
1181 2513 1279 2568 lib.

252 2594 359 2646 111.
384 2594 571 2646 Hnm.

340 2692 365 2726 1
383 2693 433 2727 π.
462 2671 731 2724 Pet-ducere
765 2675 817 2724 in
850 2671 1040 2726 Nilum.
1071 2670 1281 2725 Auctor

248 2751 379 2805 libri
396 2751 467 2805 de
491 2751 743 2804 Mensura
762 2751 909 2804 orbis
927 2763 1109 2805 tem:
1134 2775 1155 2798 e
1168 2751 1281 2804 Ho-

250 2831 341 2885 die
371 2833 428 2884 in
453 2829 884 2904 cosmographia,
911 2849 1030 2902 quae
1058 2831 1157 2884 sub
1179 2831 1214 2883 J
1217 2849 1279 2884 u·

250 2911 327 2964 lio
358 2911 565 2964 Caesare
596 2925 650 2964 et
670 2911 853 2964 Marco
882 2911 1119 2965 Antonio
1148 2928 1279 2964 con·

251 2990 461 3044 nulibus
488 2989 625 3044 fecta
652 3003 763 3054 est,
795 2990 1055 3061 scriptum
1096 2989 1279 3043 inveni

250 3083 461 3142 purtem
492 3069 603 3122 Nili
638 3069 873 3123 fluminis
905 3083 1189 3123 exeuntem
1220 3069 1277 3121 in

250 3151 500 3204 Rubrum
527 3167 675 3202 mare
687 3151 839 3220 juxta
860 3149 1125 3203 civitatem
1147 3149 1280 3201 Ovi·

250 3230 359 3283 lem
392 3217 543 3298 (alias
568 3219 827 3297 Olivam)
858 3241 911 3282 et
935 3241 1105 3283 eastra
1125 3227 1282 3282 Mon·-

250 3310 345 3363 sei.
373 3307 612 3363 -Ηυω,

339 3407 364 3440 1
378 3389 432 3442 3.
456 3388 552 3440 Ad
583 3387 737 3440 Delta
764 3387 964 3441 dicem.
989 3386 1155 3440 Libro
1192 3405 1281 3440 su·

250 3470 487 3540 periore,
514 3485 632 3538 cap.
666 3487 723 3537 9.
748 3467 933 3520 Han.

338 3555 433 3614 ¹4·
490 3551 647 3598 LXII
698 3545 822 3599 mm.
859 3565 994 3616 pass.
1038 3545 1281 3600 Chifflet.

251 3631 408 3678 LXII
424 3628 549 3681 mill.
578 3627 656 3680 D.
670 3645 807 3697 pass.
831 3625 937 3679 En.

339 3727 363 3762 ι
378 3707 431 3762 5.
463 3709 660 3761 Primus
701 3709 907 3758 omnium
925 3703 1170 3757 Sesostris.
1199 3708 1281 3759 Ita

249 3785 321 3840 de
332 3786 551 3841 Sesostri
572 3797 626 3839 et
644 3785 809 3854 Dario
819 3785 980 3838 Arist.
1000 3784 1277 3837 Meteorol.

248 3868 347 3920 lib.
376 3869 431 3926 1,
465 3885 583 3938 cap.
625 3871 726 3930 14,
756 3883 873 3936 pag.
914 3865 1048 3928 548.
1078 3863 1282 3916 Eadem

248 3947 418 3999 refert
441 3957 495 3999 et
522 3946 714 3999 Strabo
734 3982 751 4011 ‚
785 3944 885 3996 lib.
926 3943 1091 3996 XVII
1114 3983 1131 4008 ,
1160 3961 1279 4014 pag.

252 4029 386 4087 804.
410 4023 477 4079 Id
494 4043 625 4077 vero
640 4041 749 4076 non
772 4021 838 4076 ad
856 4023 1135 4077 Sesostrim
1147 4061 1163 4086 ,
1184 4021 1277 4075 sed

250 4104 319 4158 ad
350 4105 581 4165 Nectum,
608 4105 779 4158 Νικῶν
796 4141 811 4170 ,
826 4103 1195 4157 Psammetichi
1214 4103 1274 4156 F.

1370 1876 1684 1931 Sesostridis
1710 1878 1780 1931 Ν.
1808 1878 2049 1931 referunt
2062 1877 2369 1932 Herodotus
2384 1917 2404 1946 ‚

1371 1958 1609 2029 Euterpe
1626 1956 1851 2020 ‚lib.H,
1876 1976 1932 2010 n.
1951 1959 2060 2011 158
2079 1997 2094 2021 ,
2111 1976 2232 2029 pag.
2261 1959 2403 2026 1513

1369 2035 1642 2089 Diodorus
1669 2035 1772 2089 Sic.
1800 2037 1938 2089 Bibl.
1957 2036 2051 2090 lib.
2073 2035 2127 2104 I,
2151 2057 2270 2109 pag.
2302 2057 2403 2108 293

1368 2116 1588 2168 Tzetzes
1615 2115 1846 2168 Chiliad.
1866 2115 1976 2168 vn
1997 2153 2015 2181 ,
2047 2135 2099 2168 v.
2137 2124 2307 2189 1477.
2330 2118 2404 2172 Η.

1456 2200 1544 2248 16.
1576 2195 1865 2247 Ptolemaeus
1895 2213 2110 2266 sequens.
2141 2197 2260 2250 Hoc
2291 2209 2370 2251 est
2383 2237 2400 2264 ‚

1368 2275 1685 2327 Ptolemaeus
1735 2273 2004 2328 secundus
2031 2309 2048 2338 ,
2097 2279 2120 2328 ὁ
2171 2271 2400 2347 δεύτερος

1367 2355 1678 2423 Πτολεμαῖος
1698 2394 1714 2417 ,
1747 2353 1924 2426 inquit
1976 2353 2245 2409 Diodorus
2295 2356 2404 2410 loc.

1367 2434 1461 2486 cit.
1493 2432 1876 2504 Philadelphus
1902 2434 1947 2486 is
1977 2435 2085 2487 fuit
2123 2435 2400 2492 Ptolemoei

1365 2510 1580 2583 Lagidae
1606 2511 1668 2566 F.
1701 2512 1790 2566 Sic
1818 2513 2102 2568 Africanus
2141 2533 2387 2586 sequens,

1365 2609 1470 2664 pro
1489 2591 1702 2664 juniore
1713 2611 1808 2645 seu
1827 2595 2149 2664 posteriore,
2173 2613 2206 2648 a
2223 2595 2399 2649 Plinio

1364 2689 1504 2743 eaepe
1531 2673 1851 2742 appellatur.
1871 2673 2054 2726 Ham).

1455 2769 1547 2822 17.
1581 2751 1703 2804 XL.
1740 2751 2048 2824 Daleoamp.
2085 2763 2140 2804 et
2166 2752 2396 2808 Elzevir.

1368 2833 1594 2900 triginta.
1626 2833 1734 2883 En.

1454 2914 1544 2965 18.
1571 2909 1732 2983 Usque
1755 2910 1828 2961 ad
1847 2907 2030 2962 Fontes
2054 2931 2262 2965 amam.
2287 2913 2400 2966 Ho-

1364 3007 1487 3042 rum
1537 2989 1784 3041 meminit
1831 2989 2104 3044 Diodorus
2151 2991 2362 3045 Siculus
2379 3031 2396 3058 ‚

1366 3069 1506 3122 nihl.
1521 3069 1617 3122 lib.
1637 3069 1736 3129 111,
1749 3087 1922 3140 prope
1933 3067 2396 3135 Arsinoen‚t38ave

1364 3147 1526 3201 πολλὰ
1551 3151 1730 3218 πικρᾶς
1759 3146 2024 3220 ἁλμυρίδος
2073 3151 2254 3220 ἔχοντα.
2279 3155 2397 3222 γαῦ-

1366 3247 1462 3282 etv.
1503 3227 1708 3280 Lacum
1735 3228 2004 3294 efficiunt,
2031 3229 2118 3283 cui
2149 3249 2348 3284 nomen
2365 3249 2396 3284 a

1366 3307 1544 3361 vicino
1569 3305 1807 3378 oppidu,
1859 3307 1905 3360 le
1939 3309 2016 3360 lac
2055 3309 2116 3360 de
2156 3309 2392 3364 Kolzum.

1366 3386 1544 3440 Hodie
1573 3386 1738 3440 mosis
1775 3388 1948 3440 sontes
1973 3401 2259 3454 vocentur,
2289 3408 2397 3444 nu-

1366 3483 1518 3519 mero
1562 3465 1848 3519 duodecim
1863 3503 1880 3525 ,
1936 3478 2068 3536 teste
2116 3468 2392 3532 Bellonio‚

1366 3546 1461 3618 qui
1480 3544 1649 3612 vidit,
1678 3545 1899 3600 Observ.
1921 3547 2019 3599 lib.
2040 3547 2096 3599 11
2114 3585 2133 3614 ,
2157 3567 2274 3620 cap.
2299 3549 2394 3620 57.

1366 3625 1552 3678 Hmn.

1454 3721 1543 3774 19.
1578 3705 1722 3758 Ultra
1747 3705 1996 3758 deterruit.
2044 3706 2130 3760 Sic
2163 3706 2325 3761 Arist.
2352 3708 2393 3762 l.

1366 3783 1458 3838 cit.
1503 3777 1622 3838 Ᾰλλ·
1651 3779 1782 3856 ιῦριν
1805 3785 2103 3856 ὑψηλοτέραν
2127 3780 2277 3839 οὖσαν
2303 3788 2393 3845 τὴν

1364 3863 1621 3918 θάλασσαν
1677 3869 1764 3926 τῆς
1809 3872 1899 3936 γῆς
1915 3897 1934 3925 ‚
1975 3877 2078 3919 ete.
2127 3864 2397 3921 Diodorus

1366 3944 1529 4008 item,
1569 3946 1669 3998 loc.
1723 3945 1814 3998 cit.
1851 3943 1957 3998 Sed
1992 3946 2205 3998 inanem
2253 3947 2398 3999 bunc

1363 4035 1566 4078 metum
1587 4023 1746 4078 fuisse
1765 4037 1907 4078 recte
1927 4023 2118 4077 strabo
2149 4025 2398 4078 admonet

1364 4105 1467 4158 loc.
1483 4104 1572 4160 cit.
1592 4118 1646 4158 et
1661 4123 1691 4158 e
1709 4104 2094 4160 recentioribus
2107 4105 2396 4160 Furnerius

1986 4211 2122 4298 46²
