2950 5017
1297 450 1615 519 LIBER
1678 450 1761 519 v.
2456 457 2597 551 477

562 582 752 652 XVI.
792 568 1064 675 (xvm.)
1114 583 1154 650 J
1155 581 1428 676 ungitur
1469 582 1531 651 ei
1581 581 1783 651 latere
1836 583 2041 677 Syriae
2058 582 2077 608 ²
2122 584 2599 681 Decapolitana
2642 612 2665 645 1

457 690 646 784 regio
668 740 688 775 ,
752 710 792 757 a
839 711 1121 757 numero
1167 688 1607 783 oppidorum,
1647 690 1716 757 in
1751 714 1887 783 quo
1922 714 2060 758 non
2096 715 2327 760 omnes
2366 693 2597 764 eadem

459 794 839 864 observant.
883 793 1162 863 Plurimi
1180 795 1202 821 ²
1242 809 1468 863 tamen
1519 796 1924 865 Damascum
1984 821 2067 865 ex
2108 782 2342 892 epoto³
2392 801 2597 894 riguis

457 924 654 969 amne
697 900 1163 994 Chrysorrhoa
1223 899 1507 970 fertilem
1566 926 1583 969 ε
1642 900 2170 997 Philadelphiam
2198 890 2247 990 ⁴,
2282 904 2599 1001 Rhapha-

456 1030 612 1077 nam
633 991 692 1095 ⁵,
723 1007 950 1075 omnia
975 1007 1045 1075 in
1070 1005 1380 1075 Arabiam
1412 1006 1809 1077 recedentia.
1858 996 2327 1104 Scythopolin⁶
2354 1000 2600 1104 (antea

534 1207 691 1260 XVI.
732 1224 781 1260 1.
817 1207 995 1259 Latere
1017 1204 1194 1279 Syria.
1220 1205 1342 1271 Qua
1366 1224 1487 1259 ver-
1580 1224 1636 1271 2,
1664 1223 1785 1277 pag.
1817 1207 1929 1261 833
1946 1244 1963 1273 ‚
1992 1206 2047 1259 in
2074 1208 2253 1263 Peroea
2287 1210 2595 1267 collocatur.

457 1284 536 1358 git
569 1286 628 1340 in
667 1285 878 1357 Syriam
917 1286 1102 1340 Coelen
1132 1297 1188 1338 et
1217 1285 1487 1339 Libanum
1572 1286 1640 1337 In
1668 1286 1878 1339 Arabiae
1902 1287 2411 1353 confinio,aPlinio.
2431 1290 2595 1347 Unde

455 1379 712 1419 montem.
745 1364 962 1438 Oppida
986 1365 1180 1418 habuit
1203 1366 1485 1437 Decapoli·
1572 1364 1946 1437 circumjectus
1966 1384 2109 1437 ager,
2134 1359 2361 1439 Ᾰραὸία,
2392 1377 2480 1433 τῆς
2512 1379 2596 1425 <bz-

457 1457 580 1501 tana
613 1444 761 1517 regio
793 1444 1084 1499 celebriora
1114 1445 1257 1498 ultra
1288 1444 1323 1497 J
1325 1443 1485 1497 orda·
1568 1439 1840 1514 λαδελφίας
1897 1444 2096 1499 dicitur
2164 1448 2471 1519 Epiphanio
2534 1452 2592 1503 in

454 1543 599 1592 nem,
618 1537 780 1597 atque
800 1566 817 1590 ,
835 1537 900 1578 ut
921 1524 1130 1577 Plinius
1148 1526 1222 1577 ait
1237 1562 1254 1588 ,
1280 1524 1338 1577 in
1356 1525 1485 1578 Ara-
1569 1513 1851 1593 Ᾰνακιφαλ.
1896 1541 2016 1595 pag.
2078 1527 2204 1589 145.
2241 1528 2309 1581 In
2360 1529 2595 1583 nummis

453 1605 596 1658 biam
624 1602 944 1658 recedentia.
973 1604 1184 1657 Arabio
1203 1602 1348 1656 enim
1368 1603 1484 1656 No·
1566 1604 2042 1659 ΦΙΔΑΔΕΔΦΕΩΝ
2067 1610 2253 1659 ΚΟῙΔ.
2277 1608 2593 1671 CTPKoQ-nc

453 1682 670 1737 madum
690 1683 1052 1755 appellatione
1080 1684 1190 1735 fere
1219 1695 1481 1748 censetur,
1567 1683 1762 1753 Συρίας.
1795 1684 1976 1737 Han.
2011 1715 2093 1727 -—
2121 1684 2247 1739 Hoec
2276 1688 2436 1752 urbs,
2456 1688 2595 1741 Rab-

453 1762 719 1837 quidquid
738 1764 876 1817 ultra
902 1761 1193 1816 Jordanem
1236 1775 1334 1816 est.
1371 1764 1482 1817 Ta·
1566 1760 1697 1815 bath
1708 1764 1969 1815 -Ammon
2011 1763 2163 1834 prius
2201 1762 2361 1832 dicta,
2380 1766 2593 1819 Ammon

453 1862 579 1897 men
623 1844 782 1896 etiam
823 1843 900 1895 cis
941 1842 1236 1897 Iordanem
1290 1842 1482 1896 habuit
1566 1840 1728 1894 hodie
1745 1854 1995 1907 vocatur,
2020 1856 2235 1897 auctore
2255 1844 2588 1901 n’Anum.

453 1923 733 1975 nonnulla.
771 1922 906 1975 Nam
939 1934 995 1976 et
1032 1920 1276 1977 christus
1303 1940 1332 1973 a
1355 1921 1481 1975 fini-

453 2003 556 2055 bus
599 2002 896 2071 Tyriorum
926 2000 998 2055 ad
1045 2018 1192 2055 mare
1244 2000 1476 2055 Galilaeae

453 2081 747 2151 perrexisse
771 2080 971 2134 dicitur
997 2100 1098 2153 per
1135 2080 1270 2133 fines
1307 2082 1478 2133 Deca-

453 2160 656 2231 poleos.
681 2160 862 2214 Hm).

538 2259 589 2293 a.
616 2240 842 2295 Plurimi.
873 2239 1056 2293 chiffl.
1069 2240 1346 2311 plurimum.
1367 2240 1476 2294 Eo.

537 2319 590 2372 3.
615 2320 908 2373 Damascum
930 2340 992 2372 ex
1004 2332 1144 2391 epoto
1165 2322 1337 2389 riguis.
1352 2319 1474 2372 Dal.

455 2399 751 2452 Damascum
788 2411 838 2450 ee
881 2400 1078 2471 Opoton
1125 2404 1292 2469 riguos
1336 2418 1475 2451 amne

458 2478 816 2552 Chrysen-boa,
831 2480 1046 2546 fertilem
1066 2478 1475 2550 ΡΙιὶΙαιΙεΙΡΙιὶαυι,

453 2571 551 2611 etc.
579 2560 682 2611 En.
696 2590 778 2601 —
791 2559 1038 2611 Fertilem
1055 2558 1129 2611 ait
1146 2577 1258 2612 esse
1277 2560 1474 2612 Dama·

451 2656 665 2692 scenam
694 2656 912 2709 agrum,
939 2638 1067 2709 quia
1095 2649 1267 2691 totum
1292 2649 1477 2709 epotat

454 2718 884 2789 Chrysorrhoam
928 2732 1170 2782 amnem,
1214 2716 1346 2770 dum
1401 2714 1474 2771 ad

451 2798 598 2870 rigua
619 2796 952 2851 distrahitur.
971 2796 1219 2849 Testatur
1229 2794 1289 2849 id
1315 2796 1474 2850 etiam

454 2878 666 2943 Strabo,
688 2877 786 2930 lib.
810 2876 968 2941 XVI,
991 2893 1112 2946 pag.
1147 2874 1255 2943 755
1285 2867 1472 2946 τὸμὲν

452 2958 763 3030 Χρυσορῥόας
801 2955 1067 3029 ἀρξάμενος
1104 2954 1204 3033 ἀπὸ
1249 2960 1338 3017 τῆς
1371 2964 1476 3008 Δα-

453 3044 715 3108 μασκηνῶν
747 3036 935 3097 “olzene
962 3034 1048 3088 καὶ
1066 3034 1262 3103 χώρας,
1295 3035 1359 3097 εἰς
1379 3033 1474 3096 τὰς

449 3117 672 3185 &zaraiae
726 3116 1045 3169 ἀναλίσκεται
1067 3152 1084 3180 ,
1142 3128 1245 3169 etc.
1299 3112 1478 3168 Hodie

453 3196 658 3248 Damas.
681 3194 1106 3266 Chrysorrhoam
1125 3194 1202 3247 sic
1221 3192 1445 3247 distrahi
1458 3232 1476 3260 ‚

454 3288 514 3329 ut
536 3274 754 3346 singulo
783 3272 921 3327 odes
944 3286 1000 3327 et
1020 3274 1164 3327 horti
1189 3274 1390 3327 fontem
1409 3291 1476 3326 ex

453 3372 518 3407 eo
547 3353 846 3407 derivatum
860 3354 1094 3407 habeant
1113 3354 1169 3407 in
1191 3354 1326 3406 urbe
1339 3393 1356 3417 ,
1381 3372 1473 3405 au-

451 3446 567 3489 ctor
587 3446 668 3487 est
689 3433 1226 3499 Bellonius,0bserv.
1255 3432 1350 3487 lib.
1384 3432 1474 3498 Π,

453 3532 569 3585 cap.
597 3512 990 3585 91.Volusiani
1020 3530 1273 3566 nummus
1307 3529 1476 3565 tereus

451 3594 676 3647 minoris
701 3591 890 3646 forme
918 3592 977 3645 in
1011 3590 1239 3645 Cimelio
1285 3604 1474 3645 nostro

451 3672 734 3728 Parisieusi
762 3690 778 3724 ε
814 3690 936 3726 coi..
970 3688 1176 3725 muas.
1209 3688 1381 3724 xtra.
1403 3670 1474 3723 H.

533 3758 588 3817 4.
619 3751 1020 3823 Philadelphum.
1039 3746 1340 3821 Φιλαδελφίοι
1355 3750 1476 3803 Pto·

449 3832 656 3897 lemm,
681 3832 778 3884 lib.
797 3832 869 3896 V,
895 3850 942 3884 c.
980 3830 1069 3896 15,
1097 3830 1153 3883 in
1192 3830 1476 3903 Decapoli-

451 3922 574 3965 tana
587 3912 822 3982 regione.
835 3910 1132 3981 Stephanus
1143 3927 1174 3963 a
1187 3910 1474 3963 Ptolemaeo

452 3989 806 4062 Philadelpho
841 4006 1044 4045 nomeu
1084 3990 1345 4046 invenisse
1377 3990 1472 4042 ait.

453 4071 500 4123 A
523 4070 782 4141 Iosepho‚
811 4069 944 4124 Bell.
966 4069 1000 4122 J
1003 4067 1094 4124 ud.
1113 4066 1208 4123 lib.
1231 4070 1334 4134 111,
1356 4087 1471 4141 cap.

1568 1920 1673 1974 En.

1649 1998 1704 2053 5.
1730 2000 2069 2070 sthephanum.
2098 1990 2347 2071 l’oepoevioet
2368 2004 2589 2075 Stepha-

1562 2096 1637 2131 no
1672 2096 1686 2132 ε
1714 2080 1982 2151 Josepho,
2015 2079 2147 2133 Bell.
2169 2080 2298 2135 Jud.
2324 2082 2421 2137 lib.
2450 2085 2591 2149 vn,

1563 2176 1679 2228 cap.
1731 2176 1821 2227 19,
1852 2148 2149 2229 ῥαφαναῖαι.
2175 2161 2241 2213 In
2268 2162 2433 2215 Cone.
2467 2164 2587 2217 Nic.

1561 2236 1830 2291 Bassianus
1846 2240 2254 2309 Rlaaplaaneensis,
2266 2259 2329 2294 ex
2341 2243 2585 2313 provinc.

1563 2318 1731 2387 Syriai
1753 2315 1937 2372 Coeles.
1967 2319 2195 2389 Insignis
2217 2332 2294 2373 est
2320 2322 2587 2393 Raphana!

1560 2414 1816 2449 nummus
1827 2416 2125 2469 percussus,
2148 2400 2335 2453 Annius
2357 2402 2589 2456 Aurelio

1561 2474 1824 2529 Faustina
1857 2478 2112 2541 nomine,
2155 2495 2275 2550 quas
2313 2497 2465 2535 soror
2484 2483 2589 2535 fuit

1560 2555 1639 2607 Μ.
1661 2555 1873 2609 Aurelii
1913 2556 2097 2610 Severi
2125 2557 2416 2613 Alexandri
2455 2562 2585 2632 imp.

1558 2640 1771 2690 ANMA
1802 2642 2092 2691 ΔΥΡΗΔῙΑ
2116 2639 2497 2693 ΦΔΥΟΤΕΙΝΑ
2520 2643 2582 2695 C.

1559 2714 1666 2767 hoc
1696 2727 1806 2780 est,
1829 2713 2058 2782 Σεὸαςὴ,
2084 2716 2317 2787 Augusta
2351 2710 2436 2788 ’⁰)(
2465 2727 2585 2775 Em

1562 2794 1708 2847 CTP.
1742 2800 2045 2849 ΚΥΡῙΝΟΥ.
2082 2794 2187 2849 Sub
2220 2797 2441 2851 Proetore
2478 2800 2585 2866 Cr-

1561 2876 1685 2926 rino.
1707 2878 2181 2929 ΡΔΦΔΝΕΩΤΩΝ.
2203 2876 2469 2931 Nummus
2483 2880 2586 2932 Ra-

1553 2954 1922 3023 phaneotarum.
1956 2954 2123 3008 Aoc.
2144 2956 2300 3009 Anno
2327 2975 2433 3027 ²71
2471 2976 2585 3013 ονε

1561 3032 1887 3087 Cassarianae.
1902 3033 2125 3104 Egimus
2138 3033 2207 3088 de
2232 3034 2339 3089 hoc
2358 3055 2585 3091 nummo

1560 3112 1730 3166 fusius
1783 3111 1840 3165 in
1885 3113 2071 3167 Diario
2106 3114 2483 3183 Trevoltiano,
2528 3132 2585 3172 et

1559 3190 1707 3245 alibi.
1722 3190 1905 3246 Eun.

1645 3274 1698 3325 6.
1725 3270 2055 3343 Scythopolin.
2068 3271 2301 3345 Legebat
2310 3273 2586 3329 Pintiauus

1561 3349 1871 3423 Scythopolin
1907 3350 2123 3403 deductis
2168 3351 2364 3421 Scythis
2377 3391 2395 3419 ‚
2441 3367 2583 3407 antea

1561 3432 1770 3504 Nysam,
1782 3450 1813 3481 a
1830 3430 2007 3483 Libero
2024 3431 2178 3483 Patre
2195 3432 2383 3501 sepulta
2400 3438 2587 3487 nutrice

1564 3511 1649 3565 ihi.
1670 3511 1777 3563 En.
1792 3539 1870 3552 -—
1890 3508 1980 3563 cis
1997 3508 2288 3563 Iordanem
2318 3511 2431 3565 haec
2456 3514 2551 3568 sita
2566 3555 2584 3580 ,

1561 3608 1663 3643 nec
1700 3591 1812 3661 jam
1840 3587 1898 3640 in
1934 3589 2183 3643 Arabiam
2212 3590 2499 3656 recedens,
2524 3607 2585 3649 ut

1564 3669 1807 3740 superius
1836 3680 2139 3721 memorato
2178 3668 2356 3722 urbes.
2384 3671 2585 3726 Civita-

1560 3760 1671 3802 tem
1699 3747 2025 3817 Decapoleos
2064 3748 2349 3803 maximam
2370 3786 2389 3815 ‚
2414 3763 2468 3804 et
2488 3754 2586 3806 Ti-

1560 3825 1769 3883 heriadi
1815 3826 2045 3879 vicinam
2111 3826 2236 3881 facit
2283 3827 2547 3900 Josephus
2566 3870 2583 3897 ‚

1562 3906 1692 3960 Bell.
1725 3904 1855 3960 Jud.
1883 3905 1977 3958 lib.
2012 3906 2133 3971 111,
2168 3924 2286 3979 cap.
2322 3912 2391 3962 16
2414 3947 2429 3975 ‚
2462 3930 2585 3983 pag.

1566 3986 1701 4041 856.
1727 3986 1961 4051 Galilaep
1986 3984 2178 4039 Strabo
2217 3986 2313 4039 lih-
2340 3988 2475 4042 XVI
2490 4030 2507 4057 ,
2531 4011 2589 4064 p.

1568 4067 1701 4135 763.
1754 4063 2051 4118 Meminere
2090 4065 2406 4121 ptolemeus
2421 4108 2439 4133 ,
2476 4071 2592 4125 Ste-
