2950 5017
714 403 1208 528 13ARAD151
1269 447 1949 542 TERREsTms.
2262 449 2399 546 787

256 635 292 701 S
317 631 367 685 5.
392 632 674 700 Explicate‘o
699 651 873 684 versus
899 632 1148 684 andedam·
1169 645 1223 684 ee
1239 633 1531 684 duodecimi.
1556 650 1654 688 xx:
1684 657 1709 680 ι
1732 637 1929 687 Nomen
1950 639 2041 690 uni
2064 640 2243 694 Phison
2262 662 2283 694 .·
2306 645 2410 713 ipse

329 736 405 773 est
433 722 522 788 qui
543 721 720 772 circuit
745 738 942 771 omnem
974 733 1157 770 utrm
1195 721 1446 783 Herilatla,
1482 723 1567 772 aba·
1588 723 1811 774 nascitur
1837 743 2030 778 aarum.
2056 750 2085 772 a
2128 745 2209 784 m
2238 746 2255 782 ε
2300 754 2329 776 ο
2343 737 2413 792 Et

329 827 510 860 aurum
531 822 674 860 eemoe
697 809 830 860 itlius
852 808 1088 876 optimum
1107 819 1178 860 cst
1191 827 1212 859 .-
1236 809 1304 858 ibi
1323 808 1563 860 invenitur
1578 812 1807 862 bdellium
1823 845 1841 876 ,
1855 825 1909 864 ee
1926 815 2054 882 Iapis
2074 819 2367 882 carebimus.
2382 845 2413 869 a

329 948 412 1001 Eo
436 947 628 1002 ordine
662 945 812 1001 fluvii
839 959 1077 1020 quatuor
1098 947 1185 1000 hic
1219 946 1585 1020 appellantur,
1610 967 1773 1022 quem
1804 951 1937 1008 situs
1969 956 2278 1012 eorumdem
2315 979 2413 1034 po-

257 1037 426 1090 stulat
449 1053 464 1088 ε
493 1035 659 1090 ducto
679 1035 939 1088 nimirum
964 1035 1120 1088 initio
1146 1035 1214 1088 ab
1247 1035 1310 1090 iis
1336 1033 1551 1091 duobus
1570 1077 1587 1102 ‚
1620 1038 1712 1110 qui
1742 1053 1868 1094 sunt
1896 1059 2079 1098 versus
2102 1046 2414 1118 meridiem3

257 1123 454 1179 deinde
483 1122 758 1197 appellatis
784 1119 995 1178 dnohus
1023 1123 1129 1176 illis
1151 1123 1247 1198 qui
1275 1136 1401 1179 sunt
1423 1124 1491 1179 ad
1518 1125 1855 1198 Aquilonem.
1884 1127 1965 1184 Ac
1992 1133 2171 1204 primo
2195 1136 2417 1209 quidem

257 1212 382 1266 loco
420 1212 724 1265 nominatur
758 1211 804 1266 is
833 1211 928 1284 qui
969 1223 1049 1264 est
1083 1211 1138 1265 in
1177 1212 1432 1266 Austrum
1464 1209 1880 1282 remotissimum
1919 1215 2113 1274 deinde
2152 1220 2199 1276 is
2234 1226 2329 1295 qui
2358 1227 2415 1280 in

256 1298 451 1354 eodem
469 1308 649 1352 tractu
673 1311 753 1352 est
778 1297 1000 1371 propior
1023 1296 1237 1352 Judaee.
1263 1299 1450 1353 Postea
1473 1299 1667 1355 transit
1693 1301 1763 1356 ad
1789 1322 1914 1358 eum
1942 1305 2037 1378 qui
2062 1321 2143 1364 est
2167 1313 2417 1368 remotis-

257 1387 428 1442 simus
452 1386 507 1439 in
531 1387 756 1440 Boream
786 1400 842 1440 et
863 1386 920 1438 in
946 1397 1188 1440 exortum
1217 1383 1346 1440 solis
1378 1389 1626 1442 oestivum
1650 1388 1718 1444 ad
1744 1409 1898 1446 oram
1919 1395 2068 1450 sinus
2105 1397 2301 1454 Persici
2321 1419 2337 1467 3
2363 1413 2419 1456 et

259 1475 394 1530 inde
428 1473 497 1529 ad
535 1475 778 1528 citimum
818 1474 996 1542 venit,
1025 1493 1120 1528 seu
1156 1476 1458 1547 proximum
1486 1475 1804 1547 Palestinae‚
1844 1483 1939 1554 qui
1979 1495 2057 1538 est
2092 1487 2413 1561 Euphrates.

205 1607 216 1616 ,
257 1563 500 1636 scriptor
521 1561 683 1617 Sacer
705 1562 830 1617 libri
864 1559 1249 1625 Ecclesiastici,
1271 1563 1330 1615 in
1362 1563 1451 1617 his
1472 1567 1719 1620 amnibus
1749 1565 2095 1641 appellandis,
2127 1594 2234 1628 non
2258 1577 2414 1644 situs,
2484 1614 2490 1620 -

259 1651 374 1704 sive
403 1651 509 1704 loci
532 1688 548 1714 ‚
569 1647 664 1704 sed
689 1647 962 1723 dignitatis
986 1646 1232 1704 ordinem
1261 1651 1551 1724 quemdam
1574 1673 1785 1710 servare
1802 1653 2046 1725 videtur,
2074 1661 2199 1716 dnm
2233 1663 2419 1720 Phiso-

258 1757 392 1792 nem
411 1739 592 1812 primo
613 1737 736 1792 loco
755 1738 996 1792 nominat
1017 1775 1034 1803 ,
1054 1735 1253 1793 deinde
1273 1739 1512 1812 Tigrim
1540 1761 1670 1796 mox
1688 1743 2039 1818 Euphratem,
2060 1768 2222 1822 quem
2243 1753 2421 1826 Tigris

259 1838 316 1881 et
339 1826 495 1899 rigua
529 1845 593 1881 ea
629 1839 784 1882 etate
819 1826 1203 1893 absorbet-eun
1244 1841 1423 1900 postea
1461 1825 1789 1887 Iordanem:
1819 1847 2086 1905 postremo
2110 1840 2234 1894 loeo
2270 1843 2421 1898 velut

257 1915 538 1969 minimum
565 1915 812 1969 omnium
830 1952 847 1980 ‚
873 1913 1177 1970 Gehonem.
1203 1915 1348 1972 Eccl.
1375 1930 1537 1982 xxiv,
1567 1918 1671 1973 35:
1718 1919 1867 1988 «Qui
1895 1919 2083 1997 implet
2106 1931 2262 1999 quasi
2293 1930 2419 1987 Phi-

257 2020 357 2056 son
384 2003 698 2074 sapientiam
715 2042 732 2069 ,
755 2014 809 2056 et
837 2001 975 2057 sicut
998 1999 1171 2076 Tigris
1198 2003 1256 2056 in
1293 2001 1485 2058 diebus
1514 2025 1805 2062 novorum.
1841 2011 1951 2078 Qui
1980 2010 2240 2089 adimplet
2265 2021 2419 2092 quasi

258 2089 562 2160 Euphrates
599 2106 849 2153 sensum;
888 2091 986 2162 qui
1013 2087 1334 2163 multiplicat
1372 2094 1527 2166 quasi
1563 2091 1812 2151 Jordanis
1850 2099 1905 2151 in
1934 2111 2175 2175 tempore
2209 2112 2414 2164 messis.

258 2177 373 2244 Qui
403 2178 568 2232 mittit
593 2176 935 2250 disciplinam
963 2177 1100 2232 sicut
1123 2178 1331 2244 lucem,
1353 2191 1406 2233 et
1431 2177 1677 2236 assistens
1698 2186 1851 2256 quasi
1876 2183 2066 2243 Gehon
2092 2191 2151 2245 in
2176 2193 2265 2248 die
2292 2197 2419 2251 vin-

256 2264 471 2319 demio.
489 2291 514 2312 .-
548 2264 802 2318 Procedit
828 2264 1004 2318 oratio
1043 2283 1074 2318 a
1103 2263 1192 2318 die
1217 2279 1519 2335 novorum,
1545 2266 1612 2322 ad
1640 2281 1849 2343 tempus
1874 2276 2087 2342 messis,
2114 2293 2168 2333 et
2193 2281 2321 2336 inde
2346 2285 2417 2340 ad

257 2351 407 2407 diem
433 2351 733 2406 vindemie.
755 2353 826 2405 At
848 2371 961 2406 non
985 2350 1169 2424 exigua
1187 2361 1331 2408 certe
1352 2372 1465 2410 esse
1482 2355 1597 2410 hoc
1613 2351 1840 2412 flumina
1856 2401 1873 2428 ‚
1900 2361 2103 2418 Phison
2123 2381 2175 2422 et
2196 2369 2387 2427 Gehon
2403 2410 2420 2438 ,

255 2439 526 2495 Siracides
558 2439 644 2494 his
681 2439 852 2494 verbis
889 2439 1156 2511 significat
1185 2458 1201 2494 τ
1229 2443 1325 2514 qui
1358 2443 1565 2516 alioqui
1596 2443 1856 2503 dicendus
1893 2464 2058 2521 esset,
2100 2467 2160 2509 ut
2197 2472 2419 2516 annotat

256 2529 619 2583 Belias-minus
635 2566 654 2596 ‚
693 2528 875 2600 inepte
900 2545 1238 2600 comparasse
1267 2547 1535 2584 summam
1558 2532 1887 2591 affluentiam
1920 2538 2117 2597 divino
2142 2547 2416 2618 sapientia!

256 2615 468 2688 exiguis
486 2615 734 2670 amnibus
753 2635 768 2682 3
798 2625 852 2668 et
872 2613 1087 2670 eosdem
1111 2612 1291 2670 amnes
1312 2617 1533 2691 exiguos
1558 2622 1893 2686 coniunxisse
1918 2644 2039 2680 cum
2060 2631 2416 2691 celebratissi-

257 2703 366 2757 mis
383 2702 700 2756 -fluminibus
719 2740 736 2767 ‚
753 2702 910 2776 Tigri
935 2711 990 2756 et
1011 2701 1311 2775 Euphrate.

333 2793 532 2843 Phison.
567 2789 714 2846 Illud
735 2802 814 2844 est
835 2789 1190 2864 quodfhcmen
1215 2791 1435 2844 Aeliana
1455 2810 1489 2847 a
1516 2791 1693 2850 Plinio
1720 2799 2056 2872 appellatur,
2084 2803 2167 2860 VI
2181 2847 2197 2872 ,
2222 2809 2289 2864 32
2308 2849 2325 2876 ,
2352 2813 2407 2867 in

254 2877 616 2952 descriptione
642 2879 862 2932 Arabio.
889 2880 1026 2933 Nam
1048 2878 1196 2933 hunc
1217 2880 1530 2952 scriptorem
1557 2902 1729 2938 unum
1754 2885 1957 2944 idcirco
1982 2890 2073 2946 hic
2102 2897 2377 2970 sequimur
2394 2943 2411 2968 ,

254 2967 514 3040 quoniam
545 2967 595 3020 ei
619 2983 744 3020 cum
769 2967 943 3020 Sacris
968 2963 1184 3022 Litteris
1207 2969 1266 3022 in
1291 2969 1395 3024 hac
1418 2983 1571 3042 parte
1596 2973 1819 3030 mirifice
1840 2983 2122 3050 convenit,
2143 2997 2197 3038 et
2222 2987 2410 3045 iisdem

249 3054 312 3107 in
337 3054 442 3108 hac
467 3054 764 3127 quastione
803 3054 1149 3127 explanandis
1185 3058 1456 3129 egregiam
1481 3059 1658 3113 lucem
1685 3061 1862 3119 affert.
1888 3065 1985 3121 Est
2025 3067 2297 3128 enimvero
2320 3095 2413 3132 ac·

249 3141 585 3196 curatissima
613 3142 708 3195 illa
733 3140 1025 3215 descriptio
1051 3143 1260 3198 Arabia
1274 3183 1293 3208 ,
1323 3162 1484 3218 quam
1512 3147 1715 3204 Plinius
1738 3149 1989 3208 exhibet:
2016 3171 2228 3232 accepta
2256 3163 2412 3219 nimi.

247 3249 376 3284 rum
395 3268 411 3293 ,
427 3241 490 3284 ut
507 3229 622 3302 ipse
643 3239 867 3283 testatur
879 3269 896 3296 ,
915 3243 1028 3282 tum
1047 3247 1112 3284 ex
1129 3231 1390 3305 Dionysio
1409 3243 1669 3289 terrarum
1686 3237 1833 3292 orbis
1853 3239 1984 3295 situs
2008 3243 2411 3318 diligentissimo

249 3316 518 3390 scriptore
535 3357 552 3384 ‚
591 3335 754 3390 quem
779 3317 850 3370 ad
877 3319 1233 3389 computanda
1261 3321 1438 3375 omnia
1459 3322 1527 3376 in
1566 3319 1844 3380 Orientem
1878 3332 2205 3400 promiserat
2233 3337 2410 3395 Cesar

249 3405 552 3478 Augustus,
582 3405 724 3458 ituro
749 3402 818 3459 ad
846 3405 1120 3460 Parthicas
1139 3408 1506 3482 Arabicasque
1525 3430 1613 3464 res
1638 3415 1837 3486 majore
1861 3419 1977 3489 ejus
1996 3420 2107 3473 filio
2140 3423 2276 3478 Caio
2298 3429 2411 3482 Cae-

249 3511 405 3556 aare3
443 3505 560 3546 tum
584 3510 651 3547 ex
677 3492 890 3564 scriptis
916 3511 946 3545 a
973 3488 1112 3547 juba
1147 3513 1273 3568 rege
1298 3497 1661 3552 voluminibus
1688 3499 1759 3554 ad
1795 3502 2043 3560 eumdem
2072 3505 2262 3566 Caium
2291 3515 2407 3568 Cae-

249 3599 426 3634 sarem
448 3578 516 3634 de
536 3579 720 3634 eadem
743 3579 1084 3652 expeditione
1103 3584 1348 3638 Arabica.
1372 3585 1460 3638 Sic
1484 3583 1645 3658 igitur
1662 3587 1869 3644 Plinius
1890 3591 2009 3647 loco
2030 3596 2193 3652 citato
2210 3638 2226 3664 ‚
2246 3599 2410 3658 ducto

249 3668 410 3722 initio
433 3668 504 3722 ab
528 3669 712 3722 intima
739 3680 892 3741 parte
915 3671 1066 3724 sinus
1095 3670 1331 3739 Persici,
1365 3674 1615 3748 factoque
1643 3676 1769 3731 inde
1793 3697 2077 3752 progressu
2100 3705 2283 3742 versus
2313 3709 2410 3764 op-

249 3755 484 3828 positam
510 3755 734 3809 occiduo
754 3755 856 3810 soli
882 3777 1030 3811 oram
1051 3757 1292 3831 ejusdem
1317 3759 1466 3814 sinus
1487 3761 1716 3818 Persici:
1742 3791 1767 3812 κ
1785 3766 1944 3821 Nunc
1961 3788 1991 3822 a
2010 3771 2251 3829 Charace
2272 3775 2409 3834 dice-

249 3862 374 3898 mus
395 3863 546 3898 oram
575 3845 838 3899 Antiocho
861 3846 1132 3924 Epiphani
1154 3849 1391 3920 primum
1422 3851 1770 3925 exquisitam.
1798 3853 1981 3910 Locus
2007 3859 2099 3913 ubi
2123 3861 2410 3936 Euphratis

253 3931 454 3986 ostium
475 3931 592 3986 fuit.
617 3929 840 3986 Flumen
860 3933 1086 3988 Salsum.
1114 3933 1553 3990 Promontorium
1578 3937 1875 3995 Chaldone.
1900 3945 2161 4020 Vox-agini
2183 3935 2407 4008 similius

255 4019 476 4091 pelagus
517 4035 678 4091 quam
717 4019 852 4073 mari
873 4057 890 4084 ,
931 4039 1032 4093 per
1075 4022 1458 4096 quinquaginta
1500 4026 1672 4080 millia
1710 4047 1961 4100 passuum
2008 4050 2134 4091 orae.
2180 4037 2407 4093 Flumen

252 4107 494 4162 Achana.
515 4109 740 4162 Deserta
763 4119 977 4162 centum
996 4108 1129 4164 mill.
1155 4129 1290 4183 pass.
1318 4131 1489 4186 usquc
1511 4114 1581 4168 ad
1604 4115 1836 4172 insulam
1858 4120 2121 4176 lebat-am.
2137 4151 2161 4171 »ι
2186 4126 2405 4182 Nullum

2012 4219 2139 4294 50²
