<?xml version="1.0" encoding="UTF-8"?>
<!DOCTYPE html PUBLIC "-//W3C//DTD XHTML 1.0 Transitional//EN"
    "http://www.w3.org/TR/xhtml1/DTD/xhtml1-transitional.dtd">
<html xmlns="http://www.w3.org/1999/xhtml" xml:lang="en" lang="en">
 <head>
  <title>
</title>
<meta http-equiv="Content-Type" content="text/html;charset=utf-8" />
  <meta name='ocr-system' content='tesseract 3.04.00' />
  <meta name='ocr-capabilities' content='ocr_page ocr_carea ocr_par ocr_line ocrx_word'/>
</head>
<body>
  <div class='ocr_page' id='page_1' title='image "./caiipliniisecun06plingoog_0037.png"; bbox 0 0 2950 5017; ppageno 0'>
   <div class='ocr_carea' id='block_1_1' title="bbox 459 423 556 505">
    <p class='ocr_par' dir='ltr' id='par_1_1' title="bbox 459 423 556 505">
     <span class='ocr_line' id='line_1_1' title="bbox 459 423 556 505; baseline 0 0"><span class='ocrx_word' id='word_1_1' title='bbox 459 423 556 505; x_wconf 78' lang='lat'>24</span> 
     </span>
    </p>
   </div>
   <div class='ocr_carea' id='block_1_2' title="bbox 991 423 2067 493">
    <p class='ocr_par' dir='ltr' id='par_1_2' title="bbox 991 423 2067 493">
     <span class='ocr_line' id='line_1_2' title="bbox 991 423 2067 493; baseline -0.004 -2"><span class='ocrx_word' id='word_1_2' title='bbox 991 425 1469 493; x_wconf 83' lang='lat' dir='ltr'><strong>C.PL1N11</strong></span> <span class='ocrx_word' id='word_1_3' title='bbox 1526 425 1745 491; x_wconf 89' lang='lat' dir='ltr'><strong>NAT.</strong></span> <span class='ocrx_word' id='word_1_4' title='bbox 1804 423 2067 491; x_wconf 90' lang='lat' dir='ltr'><strong>HIST.</strong></span> 
     </span>
    </p>
   </div>
   <div class='ocr_carea' id='block_1_3' title="bbox 446 541 2603 973">
    <p class='ocr_par' dir='ltr' id='par_1_3' title="bbox 446 541 2603 973">
     <span class='ocr_line' id='line_1_3' title="bbox 453 541 2599 650; baseline 0 -27"><span class='ocrx_word' id='word_1_5' title='bbox 453 556 690 644; x_wconf 85' lang='lat' dir='ltr'>Osset,</span> <span class='ocrx_word' id='word_1_6' title='bbox 713 556 894 649; x_wconf 88' lang='lat' dir='ltr'>quod</span> <span class='ocrx_word' id='word_1_7' title='bbox 922 558 1433 650; x_wconf 81' lang='lat' dir='ltr'><strong>cognominatur</strong></span> <span class='ocrx_word' id='word_1_8' title='bbox 1459 560 1495 624; x_wconf 86' lang='lat' dir='ltr'><strong>J</strong></span> <span class='ocrx_word' id='word_1_9' title='bbox 1504 544 1631 627; x_wconf 84' lang='lat' dir='ltr'>ulia</span> <span class='ocrx_word' id='word_1_10' title='bbox 1652 556 2073 626; x_wconf 84' lang='lat' dir='ltr'>Constantia:</span> <span class='ocrx_word' id='word_1_11' title='bbox 2096 556 2512 648; x_wconf 85' lang='lat' dir='ltr'>Vergentum</span> <span class='ocrx_word' id='word_1_12' title='bbox 2526 541 2599 641; x_wconf 77' lang='lat'>⁸⁶,</span> 
     </span>
     <span class='ocr_line' id='line_1_4' title="bbox 450 648 2601 757; baseline 0 -28"><span class='ocrx_word' id='word_1_13' title='bbox 450 662 630 754; x_wconf 91' lang='lat' dir='ltr'>quod</span> <span class='ocrx_word' id='word_1_14' title='bbox 682 648 900 729; x_wconf 81' lang='lat' dir='ltr'>Julii⁸⁷</span> <span class='ocrx_word' id='word_1_15' title='bbox 943 664 1202 732; x_wconf 87' lang='lat' dir='ltr'><strong>Genius</strong></span> <span class='ocrx_word' id='word_1_16' title='bbox 1247 690 1264 732; x_wconf 72' lang='grc' dir='ltr'><strong><em>ε</em></strong></span> <span class='ocrx_word' id='word_1_17' title='bbox 1313 665 1607 757; x_wconf 87' lang='lat' dir='ltr'>Orippo,</span> <span class='ocrx_word' id='word_1_18' title='bbox 1666 665 1924 747; x_wconf 80' lang='lat' dir='ltr'>Caura,</span> <span class='ocrx_word' id='word_1_19' title='bbox 1982 663 2269 731; x_wconf 86' lang='lat' dir='ltr'><strong>Siarum.</strong></span> <span class='ocrx_word' id='word_1_20' title='bbox 2330 658 2601 731; x_wconf 86' lang='lat' dir='ltr'>Fluvius</span> 
     </span>
     <span class='ocr_line' id='line_1_5' title="bbox 447 754 2603 864; baseline -0 -28"><span class='ocrx_word' id='word_1_21' title='bbox 447 768 745 837; x_wconf 82' lang='lat' dir='ltr'>Menoba</span> <span class='ocrx_word' id='word_1_22' title='bbox 764 754 838 855; x_wconf 79' lang='lat'>⁸⁸,</span> <span class='ocrx_word' id='word_1_23' title='bbox 869 783 936 837; x_wconf 92' lang='lat' dir='ltr'>et</span> <span class='ocrx_word' id='word_1_24' title='bbox 957 770 1096 864; x_wconf 84' lang='lat' dir='ltr'>ipse</span> <span class='ocrx_word' id='word_1_25' title='bbox 1125 794 1164 837; x_wconf 86' lang='lat' dir='ltr'>a</span> <span class='ocrx_word' id='word_1_26' title='bbox 1195 769 1430 838; x_wconf 86' lang='lat' dir='ltr'>dextro</span> <span class='ocrx_word' id='word_1_27' title='bbox 1463 769 1669 839; x_wconf 85' lang='lat' dir='ltr'>latere</span> <span class='ocrx_word' id='word_1_28' title='bbox 1698 770 1972 840; x_wconf 65' lang='lat' dir='ltr'>infusus</span> <span class='ocrx_word' id='word_1_29' title='bbox 1985 771 2074 837; x_wconf 82' lang='lat' dir='ltr'>At</span> <span class='ocrx_word' id='word_1_30' title='bbox 2100 769 2273 836; x_wconf 85' lang='lat' dir='ltr'>inter</span> <span class='ocrx_word' id='word_1_31' title='bbox 2298 770 2603 837; x_wconf 82' lang='lat' dir='ltr'>aestuaria</span> 
     </span>
     <span class='ocr_line' id='line_1_6' title="bbox 446 862 2597 973; baseline 0 -30"><span class='ocrx_word' id='word_1_32' title='bbox 446 877 642 944; x_wconf 85' lang='lat' dir='ltr'>Baetis</span> <span class='ocrx_word' id='word_1_33' title='bbox 663 929 682 963; x_wconf 88' lang='lat'><strong><em>‚</em></strong></span> <span class='ocrx_word' id='word_1_34' title='bbox 722 875 1046 969; x_wconf 88' lang='lat' dir='ltr'>oppidum</span> <span class='ocrx_word' id='word_1_35' title='bbox 1076 865 1386 947; x_wconf 82' lang='lat' dir='ltr'><strong>Nebrissa</strong></span> <span class='ocrx_word' id='word_1_36' title='bbox 1404 862 1478 965; x_wconf 84' lang='lat'>⁸⁹,</span> <span class='ocrx_word' id='word_1_37' title='bbox 1510 878 1909 973; x_wconf 84' lang='lat' dir='ltr'>cognomine</span> <span class='ocrx_word' id='word_1_38' title='bbox 1926 877 2252 955; x_wconf 84' lang='lat' dir='ltr'>Veneria,</span> <span class='ocrx_word' id='word_1_39' title='bbox 2297 889 2365 944; x_wconf 88' lang='lat' dir='ltr'>et</span> <span class='ocrx_word' id='word_1_40' title='bbox 2399 872 2597 943; x_wconf 93' lang='lat' dir='ltr'>Colo-</span> 
     </span>
    </p>
   </div>
   <div class='ocr_carea' id='block_1_4' title="bbox 443 1056 1488 2567">
    <p class='ocr_par' dir='ltr' id='par_1_4' title="bbox 443 1056 1474 1189">
     <span class='ocr_line' id='line_1_7' title="bbox 530 1056 1474 1127; baseline 0.001 -17"><span class='ocrx_word' id='word_1_41' title='bbox 530 1058 625 1110; x_wconf 87' lang='grc'>86.</span> <span class='ocrx_word' id='word_1_42' title='bbox 648 1056 699 1107; x_wconf 85' lang='lat' dir='ltr'><em>V</em></span> <span class='ocrx_word' id='word_1_43' title='bbox 699 1068 961 1126; x_wconf 65' lang='lat' dir='ltr'>cer-gentum.</span> <span class='ocrx_word' id='word_1_44' title='bbox 981 1056 1474 1127; x_wconf 61' lang='lat' dir='ltr'>MSS-surgentium.</span> 
     </span>
     <span class='ocr_line' id='line_1_8' title="bbox 443 1136 678 1189; baseline -0.004 -1"><span class='ocrx_word' id='word_1_45' title='bbox 443 1136 678 1189; x_wconf 58' lang='grc' dir='ltr'>ιιι-ωε.</span> 
     </span>
    </p>

    <p class='ocr_par' dir='ltr' id='par_1_5' title="bbox 445 1215 1488 2567">
     <span class='ocr_line' id='line_1_9' title="bbox 534 1215 1481 1289; baseline 0.002 -20"><span class='ocrx_word' id='word_1_46' title='bbox 534 1218 628 1286; x_wconf 89' lang='lat'>87.</span> <span class='ocrx_word' id='word_1_47' title='bbox 659 1216 783 1269; x_wconf 66' lang='lat' dir='ltr'>Julti</span> <span class='ocrx_word' id='word_1_48' title='bbox 823 1215 1010 1270; x_wconf 77' lang='lat' dir='ltr'><em>Genius</em></span> <span class='ocrx_word' id='word_1_49' title='bbox 1028 1236 1048 1269; x_wconf 91' lang='lat'>.·</span> <span class='ocrx_word' id='word_1_50' title='bbox 1077 1216 1301 1289; x_wconf 78' lang='lat' dir='ltr'><strong><em>Orippo,</em></strong></span> <span class='ocrx_word' id='word_1_51' title='bbox 1343 1217 1481 1271; x_wconf 82' lang='lat' dir='ltr'>Cau·-</span> 
     </span>
     <span class='ocr_line' id='line_1_10' title="bbox 451 1295 1481 1363; baseline 0.005 -17"><span class='ocrx_word' id='word_1_52' title='bbox 451 1316 508 1347; x_wconf 82' lang='lat' dir='ltr'>ra</span> <span class='ocrx_word' id='word_1_53' title='bbox 527 1338 544 1361; x_wconf 89' lang='lat'>,</span> <span class='ocrx_word' id='word_1_54' title='bbox 602 1295 814 1349; x_wconf 78' lang='lat' dir='ltr'><em>Siarum.</em></span> <span class='ocrx_word' id='word_1_55' title='bbox 880 1296 970 1351; x_wconf 84' lang='lat' dir='ltr'>Sic</span> <span class='ocrx_word' id='word_1_56' title='bbox 1041 1297 1226 1350; x_wconf 88' lang='lat' dir='ltr'>locum</span> <span class='ocrx_word' id='word_1_57' title='bbox 1280 1298 1444 1351; x_wconf 83' lang='lat' dir='ltr'>istum</span> <span class='ocrx_word' id='word_1_58' title='bbox 1463 1338 1481 1363; x_wconf 89' lang='lat'>,</span> 
     </span>
     <span class='ocr_line' id='line_1_11' title="bbox 447 1374 1478 1441; baseline 0.003 -12"><span class='ocrx_word' id='word_1_59' title='bbox 447 1374 596 1429; x_wconf 77' lang='lat' dir='ltr'>haud</span> <span class='ocrx_word' id='word_1_60' title='bbox 622 1376 730 1429; x_wconf 91' lang='lat' dir='ltr'>scio</span> <span class='ocrx_word' id='word_1_61' title='bbox 757 1394 826 1429; x_wconf 79' lang='lat' dir='ltr'>an</span> <span class='ocrx_word' id='word_1_62' title='bbox 851 1389 995 1429; x_wconf 86' lang='lat' dir='ltr'>recte</span> <span class='ocrx_word' id='word_1_63' title='bbox 1011 1418 1028 1441; x_wconf 90' lang='lat'>,</span> <span class='ocrx_word' id='word_1_64' title='bbox 1053 1377 1285 1431; x_wconf 80' lang='lat' dir='ltr'>restituit</span> <span class='ocrx_word' id='word_1_65' title='bbox 1311 1378 1478 1432; x_wconf 75' lang='lat' dir='ltr'>Hnrd.</span> 
     </span>
     <span class='ocr_line' id='line_1_12' title="bbox 453 1456 1485 1529; baseline 0.005 -22"><span class='ocrx_word' id='word_1_66' title='bbox 453 1475 626 1527; x_wconf 84' lang='lat' dir='ltr'>quum</span> <span class='ocrx_word' id='word_1_67' title='bbox 652 1466 804 1508; x_wconf 77' lang='lat' dir='ltr'>antea</span> <span class='ocrx_word' id='word_1_68' title='bbox 821 1456 1048 1510; x_wconf 84' lang='lat' dir='ltr'>inlibris</span> <span class='ocrx_word' id='word_1_69' title='bbox 1071 1457 1322 1510; x_wconf 86' lang='lat' dir='ltr'>omnihus</span> <span class='ocrx_word' id='word_1_70' title='bbox 1341 1458 1485 1529; x_wconf 78' lang='lat' dir='ltr'>lege·</span> 
     </span>
     <span class='ocr_line' id='line_1_13' title="bbox 449 1534 1486 1607; baseline 0.004 -18"><span class='ocrx_word' id='word_1_71' title='bbox 449 1548 602 1589; x_wconf 84' lang='lat' dir='ltr'>retur</span> <span class='ocrx_word' id='word_1_72' title='bbox 620 1535 748 1588; x_wconf 64' lang='lat' dir='ltr'>Iulia·</span> <span class='ocrx_word' id='word_1_73' title='bbox 774 1534 1002 1602; x_wconf 76' lang='lat' dir='ltr'><strong><em>Genitor,</em></strong></span> <span class='ocrx_word' id='word_1_74' title='bbox 1025 1536 1198 1607; x_wconf 79' lang='lat' dir='ltr'>Hippo</span> <span class='ocrx_word' id='word_1_75' title='bbox 1222 1537 1486 1592; x_wconf 78' lang='lat' dir='ltr'>Cam-asia·</span> 
     </span>
     <span class='ocr_line' id='line_1_14' title="bbox 453 1615 1483 1687; baseline 0.007 -22"><span class='ocrx_word' id='word_1_76' title='bbox 453 1634 574 1669; x_wconf 80' lang='lat' dir='ltr'>rum.</span> <span class='ocrx_word' id='word_1_77' title='bbox 603 1616 681 1668; x_wconf 87' lang='lat' dir='ltr'>Ut</span> <span class='ocrx_word' id='word_1_78' title='bbox 693 1615 1063 1683; x_wconf 73' lang='lat' dir='ltr'>Athenienses,</span> <span class='ocrx_word' id='word_1_79' title='bbox 1084 1617 1260 1687; x_wconf 83' lang='lat' dir='ltr'>inquit</span> <span class='ocrx_word' id='word_1_80' title='bbox 1273 1656 1291 1683; x_wconf 89' lang='lat'>,</span> <span class='ocrx_word' id='word_1_81' title='bbox 1312 1616 1483 1672; x_wconf 75' lang='lat' dir='ltr'>aedem</span> 
     </span>
     <span class='ocr_line' id='line_1_15' title="bbox 451 1695 1483 1767; baseline 0.004 -20"><span class='ocrx_word' id='word_1_82' title='bbox 451 1696 674 1767; x_wconf 73' lang='lat' dir='ltr'>Augusti</span> <span class='ocrx_word' id='word_1_83' title='bbox 704 1695 899 1760; x_wconf 88' lang='lat' dir='ltr'>Genio,</span> <span class='ocrx_word' id='word_1_84' title='bbox 925 1696 1178 1749; x_wconf 86' lang='lat' dir='ltr'>Suetonio</span> <span class='ocrx_word' id='word_1_85' title='bbox 1199 1709 1362 1763; x_wconf 86' lang='lat' dir='ltr'>teste,</span> <span class='ocrx_word' id='word_1_86' title='bbox 1386 1696 1483 1751; x_wconf 87' lang='lat' dir='ltr'>de-</span> 
     </span>
     <span class='ocr_line' id='line_1_16' title="bbox 445 1774 1483 1849; baseline 0.002 -22"><span class='ocrx_word' id='word_1_87' title='bbox 445 1774 722 1843; x_wconf 77' lang='lat' dir='ltr'>dicarunt,</span> <span class='ocrx_word' id='word_1_88' title='bbox 747 1778 824 1830; x_wconf 87' lang='lat' dir='ltr'>sic</span> <span class='ocrx_word' id='word_1_89' title='bbox 851 1778 1042 1830; x_wconf 87' lang='lat' dir='ltr'>urbem</span> <span class='ocrx_word' id='word_1_90' title='bbox 1065 1796 1217 1830; x_wconf 85' lang='lat' dir='ltr'>suam</span> <span class='ocrx_word' id='word_1_91' title='bbox 1229 1778 1483 1849; x_wconf 78' lang='lat' dir='ltr'>Vergen-</span> 
     </span>
     <span class='ocr_line' id='line_1_17' title="bbox 453 1856 1484 1912; baseline 0.005 -5"><span class='ocrx_word' id='word_1_92' title='bbox 453 1868 626 1907; x_wconf 85' lang='lat' dir='ltr'>tenses</span> <span class='ocrx_word' id='word_1_93' title='bbox 653 1858 754 1910; x_wconf 85' lang='lat' dir='ltr'>sub</span> <span class='ocrx_word' id='word_1_94' title='bbox 785 1856 948 1909; x_wconf 87' lang='lat' dir='ltr'>Genii</span> <span class='ocrx_word' id='word_1_95' title='bbox 982 1856 1205 1912; x_wconf 75' lang='lat' dir='ltr'>Caesaris</span> <span class='ocrx_word' id='word_1_96' title='bbox 1230 1859 1396 1911; x_wconf 80' lang='lat' dir='ltr'>tutela</span> <span class='ocrx_word' id='word_1_97' title='bbox 1421 1876 1484 1912; x_wconf 72' lang='lat' dir='ltr'>ae</span> 
     </span>
     <span class='ocr_line' id='line_1_18' title="bbox 453 1933 1484 2010; baseline 0.003 -23"><span class='ocrx_word' id='word_1_98' title='bbox 453 1933 707 2006; x_wconf 63' lang='lat' dir='ltr'>prasidio</span> <span class='ocrx_word' id='word_1_99' title='bbox 736 1936 1086 1990; x_wconf 79' lang='lat' dir='ltr'>collocarunt.</span> <span class='ocrx_word' id='word_1_100' title='bbox 1120 1967 1202 1980; x_wconf 92' lang='lat'>--</span> <span class='ocrx_word' id='word_1_101' title='bbox 1239 1937 1452 2010; x_wconf 84' lang='lat' dir='ltr'>Orippo</span> <span class='ocrx_word' id='word_1_102' title='bbox 1468 1977 1484 2004; x_wconf 95' lang='lat'>,</span> 
     </span>
     <span class='ocr_line' id='line_1_19' title="bbox 453 2016 1485 2084; baseline 0.001 -15"><span class='ocrx_word' id='word_1_103' title='bbox 453 2016 524 2069; x_wconf 79' lang='lat' dir='ltr'>ab</span> <span class='ocrx_word' id='word_1_104' title='bbox 542 2016 819 2068; x_wconf 84' lang='lat' dir='ltr'>Antonino</span> <span class='ocrx_word' id='word_1_105' title='bbox 847 2029 1194 2084; x_wconf 80' lang='lat' dir='ltr'>memoratur,</span> <span class='ocrx_word' id='word_1_106' title='bbox 1215 2016 1272 2069; x_wconf 89' lang='lat' dir='ltr'>in</span> <span class='ocrx_word' id='word_1_107' title='bbox 1290 2017 1485 2072; x_wconf 86' lang='lat' dir='ltr'>itinere</span> 
     </span>
     <span class='ocr_line' id='line_1_20' title="bbox 455 2092 1486 2169; baseline 0 -20"><span class='ocrx_word' id='word_1_108' title='bbox 455 2114 488 2149; x_wconf 81' lang='lat' dir='ltr'><strong>a</strong></span> <span class='ocrx_word' id='word_1_109' title='bbox 512 2092 755 2149; x_wconf 77' lang='lat' dir='ltr'>Gadibus</span> <span class='ocrx_word' id='word_1_110' title='bbox 791 2094 1102 2149; x_wconf 80' lang='lat' dir='ltr'>Cordubam</span> <span class='ocrx_word' id='word_1_111' title='bbox 1116 2136 1132 2162; x_wconf 91' lang='lat'>,</span> <span class='ocrx_word' id='word_1_112' title='bbox 1169 2096 1239 2149; x_wconf 84' lang='lat' dir='ltr'>ab</span> <span class='ocrx_word' id='word_1_113' title='bbox 1277 2098 1486 2169; x_wconf 75' lang='lat' dir='ltr'>Hispali</span> 
     </span>
     <span class='ocr_line' id='line_1_21' title="bbox 458 2176 1486 2246; baseline 0.004 -19"><span class='ocrx_word' id='word_1_114' title='bbox 458 2194 534 2229; x_wconf 75' lang='grc' dir='ltr'>ιχ.</span> <span class='ocrx_word' id='word_1_115' title='bbox 577 2192 643 2227; x_wconf 72' lang='lat' dir='ltr'>n.</span> <span class='ocrx_word' id='word_1_116' title='bbox 689 2194 825 2246; x_wconf 84' lang='lat' dir='ltr'>pass.</span> <span class='ocrx_word' id='word_1_117' title='bbox 879 2176 962 2229; x_wconf 87' lang='lat' dir='ltr'>De</span> <span class='ocrx_word' id='word_1_118' title='bbox 1017 2176 1108 2229; x_wconf 75' lang='lat' dir='ltr'>illa</span> <span class='ocrx_word' id='word_1_119' title='bbox 1147 2176 1306 2231; x_wconf 76' lang='lat' dir='ltr'>etiam</span> <span class='ocrx_word' id='word_1_120' title='bbox 1325 2218 1342 2243; x_wconf 92' lang='lat'>,</span> <span class='ocrx_word' id='word_1_121' title='bbox 1384 2196 1486 2231; x_wconf 84' lang='lat' dir='ltr'>nee</span> 
     </span>
     <span class='ocr_line' id='line_1_22' title="bbox 455 2254 1486 2329; baseline 0.004 -22"><span class='ocrx_word' id='word_1_122' title='bbox 455 2274 568 2308; x_wconf 84' lang='lat' dir='ltr'>non</span> <span class='ocrx_word' id='word_1_123' title='bbox 588 2254 658 2308; x_wconf 88' lang='lat' dir='ltr'>de</span> <span class='ocrx_word' id='word_1_124' title='bbox 680 2256 854 2309; x_wconf 77' lang='lat' dir='ltr'>Caura</span> <span class='ocrx_word' id='word_1_125' title='bbox 877 2256 1077 2309; x_wconf 88' lang='lat' dir='ltr'>mentio</span> <span class='ocrx_word' id='word_1_126' title='bbox 1097 2256 1159 2309; x_wconf 81' lang='lat' dir='ltr'>fit</span> <span class='ocrx_word' id='word_1_127' title='bbox 1179 2255 1327 2327; x_wconf 87' lang='lat' dir='ltr'>apud</span> <span class='ocrx_word' id='word_1_128' title='bbox 1351 2276 1486 2329; x_wconf 88' lang='lat' dir='ltr'>poe-</span> 
     </span>
     <span class='ocr_line' id='line_1_23' title="bbox 459 2335 1488 2406; baseline 0.003 -19"><span class='ocrx_word' id='word_1_129' title='bbox 459 2347 566 2388; x_wconf 82' lang='lat' dir='ltr'>tam</span> <span class='ocrx_word' id='word_1_130' title='bbox 594 2335 898 2406; x_wconf 83' lang='lat' dir='ltr'>antiquum,</span> <span class='ocrx_word' id='word_1_131' title='bbox 919 2337 985 2388; x_wconf 82' lang='lat' dir='ltr'>A.</span> <span class='ocrx_word' id='word_1_132' title='bbox 1007 2336 1208 2389; x_wconf 77' lang='lat' dir='ltr'>Holutn</span> <span class='ocrx_word' id='word_1_133' title='bbox 1233 2337 1454 2390; x_wconf 87' lang='lat' dir='ltr'>nomine</span> <span class='ocrx_word' id='word_1_134' title='bbox 1470 2377 1488 2403; x_wconf 89' lang='lat'>‚</span> 
     </span>
     <span class='ocr_line' id='line_1_24' title="bbox 457 2414 1486 2489; baseline 0.004 -22"><span class='ocrx_word' id='word_1_135' title='bbox 457 2429 586 2469; x_wconf 89' lang='lat' dir='ltr'>ortu</span> <span class='ocrx_word' id='word_1_136' title='bbox 605 2414 1052 2486; x_wconf 73' lang='lat' dir='ltr'>Burdegalensem</span> <span class='ocrx_word' id='word_1_137' title='bbox 1067 2456 1084 2483; x_wconf 87' lang='lat'>,</span> <span class='ocrx_word' id='word_1_138' title='bbox 1101 2434 1264 2489; x_wconf 87' lang='lat' dir='ltr'>quem</span> <span class='ocrx_word' id='word_1_139' title='bbox 1289 2418 1486 2471; x_wconf 70' lang='lat' dir='ltr'>Tama-</span> 
     </span>
     <span class='ocr_line' id='line_1_25' title="bbox 456 2494 1488 2567; baseline 0.003 -19"><span class='ocrx_word' id='word_1_140' title='bbox 456 2514 560 2565; x_wconf 74' lang='lat' dir='ltr'>yus</span> <span class='ocrx_word' id='word_1_141' title='bbox 573 2494 629 2547; x_wconf 86' lang='lat' dir='ltr'>in</span> <span class='ocrx_word' id='word_1_142' title='bbox 643 2496 872 2566; x_wconf 71' lang='lat' dir='ltr'>Max-tyr.</span> <span class='ocrx_word' id='word_1_143' title='bbox 886 2495 1108 2567; x_wconf 71' lang='lat' dir='ltr'>Hispan.</span> <span class='ocrx_word' id='word_1_144' title='bbox 1131 2523 1154 2545; x_wconf 74' lang='grc' dir='ltr'>ι</span> <span class='ocrx_word' id='word_1_145' title='bbox 1175 2496 1278 2549; x_wconf 89' lang='lat' dir='ltr'>Hic</span> <span class='ocrx_word' id='word_1_146' title='bbox 1291 2496 1488 2564; x_wconf 73' lang='lat' dir='ltr'>Caura,</span> 
     </span>
    </p>
   </div>
   <div class='ocr_carea' id='block_1_5' title="bbox 457 2573 1496 2653">
    <p class='ocr_par' dir='ltr' id='par_1_6' title="bbox 457 2573 1496 2653">
     <span class='ocr_line' id='line_1_26' title="bbox 457 2573 1496 2653; baseline 0.003 -26"><span class='ocrx_word' id='word_1_147' title='bbox 457 2573 654 2627; x_wconf 75' lang='lat' dir='ltr'>Sam-os</span> <span class='ocrx_word' id='word_1_148' title='bbox 689 2587 916 2629; x_wconf 76' lang='lat' dir='ltr'>ostentet</span> <span class='ocrx_word' id='word_1_149' title='bbox 952 2575 1168 2648; x_wconf 82' lang='lat' dir='ltr'>Orippo</span> <span class='ocrx_word' id='word_1_150' title='bbox 1195 2578 1430 2630; x_wconf 81' lang='lat' dir='ltr'>colonos.</span> <span class='ocrx_word' id='word_1_151' title='bbox 1455 2602 1496 2653; x_wconf 36' lang='grc' dir='ltr'>ι·</span> 
     </span>
    </p>
   </div>
   <div class='ocr_carea' id='block_1_6' title="bbox 451 2654 1490 4006">
    <p class='ocr_par' dir='ltr' id='par_1_7' title="bbox 451 2654 1490 4006">
     <span class='ocr_line' id='line_1_27' title="bbox 457 2654 1488 2723; baseline 0.003 -16"><span class='ocrx_word' id='word_1_152' title='bbox 457 2654 718 2709; x_wconf 73' lang='lat' dir='ltr'>Proeterea</span> <span class='ocrx_word' id='word_1_153' title='bbox 749 2655 808 2709; x_wconf 92' lang='lat' dir='ltr'>in</span> <span class='ocrx_word' id='word_1_154' title='bbox 827 2674 1053 2708; x_wconf 86' lang='lat' dir='ltr'>nummo</span> <span class='ocrx_word' id='word_1_155' title='bbox 1078 2670 1253 2710; x_wconf 81' lang='lat' dir='ltr'>vetere</span> <span class='ocrx_word' id='word_1_156' title='bbox 1274 2676 1340 2710; x_wconf 91' lang='lat' dir='ltr'>ex</span> <span class='ocrx_word' id='word_1_157' title='bbox 1352 2676 1454 2710; x_wconf 68' lang='lat' dir='ltr'>are</span> <span class='ocrx_word' id='word_1_158' title='bbox 1471 2695 1488 2723; x_wconf 96' lang='lat'>,</span> 
     </span>
     <span class='ocr_line' id='line_1_28' title="bbox 457 2732 1476 2807; baseline 0.002 -18"><span class='ocrx_word' id='word_1_159' title='bbox 457 2732 604 2806; x_wconf 64' lang='lat' dir='ltr'>{apud</span> <span class='ocrx_word' id='word_1_160' title='bbox 618 2736 683 2787; x_wconf 94' lang='lat' dir='ltr'>D.</span> <span class='ocrx_word' id='word_1_161' title='bbox 694 2736 988 2789; x_wconf 75' lang='lat' dir='ltr'>Fouousm·</span> <span class='ocrx_word' id='word_1_162' title='bbox 1007 2735 1201 2807; x_wconf 82' lang='lat' dir='ltr'>legitur</span> <span class='ocrx_word' id='word_1_163' title='bbox 1209 2738 1476 2791; x_wconf 60' lang='lat' dir='ltr'>huwo.-</span> 
     </span>
     <span class='ocr_line' id='line_1_29' title="bbox 459 2812 1489 2889; baseline 0.004 -23"><span class='ocrx_word' id='word_1_164' title='bbox 459 2815 526 2867; x_wconf 90' lang='lat' dir='ltr'>In</span> <span class='ocrx_word' id='word_1_165' title='bbox 567 2814 673 2868; x_wconf 84' lang='lat' dir='ltr'>alio</span> <span class='ocrx_word' id='word_1_166' title='bbox 725 2812 869 2886; x_wconf 83' lang='lat' dir='ltr'>apud</span> <span class='ocrx_word' id='word_1_167' title='bbox 916 2821 972 2868; x_wconf 90' lang='lat' dir='ltr'>P.</span> <span class='ocrx_word' id='word_1_168' title='bbox 1011 2816 1042 2867; x_wconf 88' lang='lat' dir='ltr'>J</span> <span class='ocrx_word' id='word_1_169' title='bbox 1047 2835 1259 2883; x_wconf 71' lang='lat' dir='ltr'>onnnr,</span> <span class='ocrx_word' id='word_1_170' title='bbox 1290 2818 1489 2889; x_wconf 78' lang='lat' dir='ltr'>legitur</span> 
     </span>
     <span class='ocr_line' id='line_1_30' title="bbox 460 2894 1487 2968; baseline 0 -19"><span class='ocrx_word' id='word_1_171' title='bbox 460 2894 669 2949; x_wconf 68' lang='lat' dir='ltr'>Cusas..</span> <span class='ocrx_word' id='word_1_172' title='bbox 687 2924 770 2935; x_wconf 92' lang='lat'><strong>—</strong></span> <span class='ocrx_word' id='word_1_173' title='bbox 782 2895 865 2948; x_wconf 87' lang='lat' dir='ltr'>De</span> <span class='ocrx_word' id='word_1_174' title='bbox 881 2894 1031 2948; x_wconf 81' lang='lat' dir='ltr'>Siara</span> <span class='ocrx_word' id='word_1_175' title='bbox 1044 2894 1278 2968; x_wconf 85' lang='lat' dir='ltr'>denique</span> <span class='ocrx_word' id='word_1_176' title='bbox 1295 2898 1487 2951; x_wconf 82' lang='lat' dir='ltr'>memi-</span> 
     </span>
     <span class='ocr_line' id='line_1_31' title="bbox 457 2974 1489 3048; baseline 0.004 -22"><span class='ocrx_word' id='word_1_177' title='bbox 457 2974 542 3027; x_wconf 86' lang='lat' dir='ltr'>nit</span> <span class='ocrx_word' id='word_1_178' title='bbox 567 2974 832 3027; x_wconf 78' lang='lat' dir='ltr'>Gruterus</span> <span class='ocrx_word' id='word_1_179' title='bbox 862 2993 983 3046; x_wconf 79' lang='lat' dir='ltr'>pag.</span> <span class='ocrx_word' id='word_1_180' title='bbox 1005 2976 1118 3029; x_wconf 83' lang='lat'>803</span> <span class='ocrx_word' id='word_1_181' title='bbox 1137 3014 1154 3041; x_wconf 86' lang='lat'>,</span> <span class='ocrx_word' id='word_1_182' title='bbox 1179 2978 1489 3048; x_wconf 85' lang='lat' dir='ltr'>inscriptio-</span> 
     </span>
     <span class='ocr_line' id='line_1_32' title="bbox 459 3054 1484 3127; baseline 0.004 -22"><span class='ocrx_word' id='word_1_183' title='bbox 459 3071 556 3107; x_wconf 85' lang='lat' dir='ltr'>nes</span> <span class='ocrx_word' id='word_1_184' title='bbox 580 3054 818 3107; x_wconf 79' lang='lat' dir='ltr'>referens</span> <span class='ocrx_word' id='word_1_185' title='bbox 851 3054 906 3107; x_wconf 85' lang='lat' dir='ltr'>in</span> <span class='ocrx_word' id='word_1_186' title='bbox 925 3073 1094 3127; x_wconf 71' lang='lat' dir='ltr'>pago,</span> <span class='ocrx_word' id='word_1_187' title='bbox 1116 3074 1276 3125; x_wconf 86' lang='lat' dir='ltr'>quem</span> <span class='ocrx_word' id='word_1_188' title='bbox 1303 3056 1484 3109; x_wconf 79' lang='lat' dir='ltr'>Sarm-</span> 
     </span>
     <span class='ocr_line' id='line_1_33' title="bbox 459 3134 1489 3207; baseline 0.006 -23"><span class='ocrx_word' id='word_1_189' title='bbox 459 3134 608 3185; x_wconf 73' lang='lat' dir='ltr'>eau&#39;m</span> <span class='ocrx_word' id='word_1_190' title='bbox 630 3146 814 3202; x_wconf 77' lang='lat' dir='ltr'>vocat,</span> <span class='ocrx_word' id='word_1_191' title='bbox 845 3147 1047 3201; x_wconf 79' lang='lat' dir='ltr'>erutas,</span> <span class='ocrx_word' id='word_1_192' title='bbox 1084 3135 1143 3189; x_wconf 85' lang='lat' dir='ltr'>in</span> <span class='ocrx_word' id='word_1_193' title='bbox 1167 3156 1298 3207; x_wconf 78' lang='lat' dir='ltr'>agro</span> <span class='ocrx_word' id='word_1_194' title='bbox 1327 3136 1489 3190; x_wconf 86' lang='lat' dir='ltr'>Utre-</span> 
     </span>
     <span class='ocr_line' id='line_1_34' title="bbox 457 3212 1489 3288; baseline 0.007 -24"><span class='ocrx_word' id='word_1_195' title='bbox 457 3213 603 3267; x_wconf 88' lang='lat' dir='ltr'>rensi</span> <span class='ocrx_word' id='word_1_196' title='bbox 637 3230 651 3267; x_wconf 93' lang='lat'>:</span> <span class='ocrx_word' id='word_1_197' title='bbox 685 3213 869 3268; x_wconf 77' lang='lat' dir='ltr'>Onno.</span> <span class='ocrx_word' id='word_1_198' title='bbox 901 3212 1272 3269; x_wconf 74' lang='lat' dir='ltr'>Smnnnsmn.</span> <span class='ocrx_word' id='word_1_199' title='bbox 1321 3216 1489 3288; x_wconf 82' lang='lat' dir='ltr'>Apud</span> 
     </span>
     <span class='ocr_line' id='line_1_35' title="bbox 457 3290 1487 3369; baseline 0.007 -25"><span class='ocrx_word' id='word_1_200' title='bbox 457 3290 658 3347; x_wconf 85' lang='lat' dir='ltr'>Roder.</span> <span class='ocrx_word' id='word_1_201' title='bbox 719 3294 916 3347; x_wconf 79' lang='lat' dir='ltr'>Carum</span> <span class='ocrx_word' id='word_1_202' title='bbox 937 3333 952 3360; x_wconf 96' lang='lat'>,</span> <span class='ocrx_word' id='word_1_203' title='bbox 1003 3294 1102 3349; x_wconf 87' lang='lat' dir='ltr'>lib.</span> <span class='ocrx_word' id='word_1_204' title='bbox 1133 3297 1250 3361; x_wconf 85' lang='lat'>111,</span> <span class='ocrx_word' id='word_1_205' title='bbox 1302 3297 1487 3369; x_wconf 83' lang='lat' dir='ltr'>Antiq.</span> 
     </span>
     <span class='ocr_line' id='line_1_36' title="bbox 456 3372 1490 3447; baseline 0.004 -22"><span class='ocrx_word' id='word_1_206' title='bbox 456 3372 660 3445; x_wconf 79' lang='lat' dir='ltr'>Hispal.</span> <span class='ocrx_word' id='word_1_207' title='bbox 693 3392 811 3447; x_wconf 76' lang='lat' dir='ltr'>cap.</span> <span class='ocrx_word' id='word_1_208' title='bbox 850 3391 950 3426; x_wconf 82' lang='lat'>20:</span> <span class='ocrx_word' id='word_1_209' title='bbox 973 3373 1341 3429; x_wconf 68' lang='lat' dir='ltr'>Snnnnsmx.</span> <span class='ocrx_word' id='word_1_210' title='bbox 1364 3375 1490 3429; x_wconf 82' lang='lat' dir='ltr'>Mn·</span> 
     </span>
     <span class='ocr_line' id='line_1_37' title="bbox 455 3455 1489 3526; baseline 0.005 -21"><span class='ocrx_word' id='word_1_211' title='bbox 455 3468 744 3508; x_wconf 73' lang='lat' dir='ltr'>nemun.</span> <span class='ocrx_word' id='word_1_212' title='bbox 759 3455 977 3526; x_wconf 78' lang='lat' dir='ltr'>legitur.</span> <span class='ocrx_word' id='word_1_213' title='bbox 991 3486 1075 3497; x_wconf 92' lang='lat'><strong>—</strong></span> <span class='ocrx_word' id='word_1_214' title='bbox 1091 3456 1296 3510; x_wconf 82' lang='lat' dir='ltr'>Harum</span> <span class='ocrx_word' id='word_1_215' title='bbox 1311 3468 1489 3510; x_wconf 81' lang='lat' dir='ltr'>autem</span> 
     </span>
     <span class='ocr_line' id='line_1_38' title="bbox 453 3534 1488 3609; baseline 0.005 -24"><span class='ocrx_word' id='word_1_216' title='bbox 453 3534 672 3587; x_wconf 84' lang='lat' dir='ltr'>urbium</span> <span class='ocrx_word' id='word_1_217' title='bbox 745 3536 875 3589; x_wconf 83' lang='lat' dir='ltr'>situs</span> <span class='ocrx_word' id='word_1_218' title='bbox 937 3534 1249 3606; x_wconf 57' lang='lat' dir='ltr'>ignoratum</span> <span class='ocrx_word' id='word_1_219' title='bbox 1307 3554 1488 3609; x_wconf 84' lang='lat' dir='ltr'>neque</span> 
     </span>
     <span class='ocr_line' id='line_1_39' title="bbox 453 3612 1489 3686; baseline 0.007 -22"><span class='ocrx_word' id='word_1_220' title='bbox 453 3612 598 3665; x_wconf 87' lang='lat' dir='ltr'>enim</span> <span class='ocrx_word' id='word_1_221' title='bbox 656 3613 938 3669; x_wconf 69' lang='lat' dir='ltr'>Harduino</span> <span class='ocrx_word' id='word_1_222' title='bbox 990 3616 1229 3670; x_wconf 73' lang='lat' dir='ltr'>assentiri</span> <span class='ocrx_word' id='word_1_223' title='bbox 1267 3634 1489 3686; x_wconf 83' lang='lat' dir='ltr'>possum</span> 
     </span>
     <span class='ocr_line' id='line_1_40' title="bbox 453 3693 1484 3767; baseline 0.005 -23"><span class='ocrx_word' id='word_1_224' title='bbox 453 3693 548 3763; x_wconf 90' lang='lat' dir='ltr'>qui</span> <span class='ocrx_word' id='word_1_225' title='bbox 569 3693 685 3747; x_wconf 82' lang='lat' dir='ltr'>illas</span> <span class='ocrx_word' id='word_1_226' title='bbox 716 3696 929 3748; x_wconf 84' lang='lat' dir='ltr'>sinistro</span> <span class='ocrx_word' id='word_1_227' title='bbox 947 3695 1106 3748; x_wconf 76' lang='lat' dir='ltr'>Baetis</span> <span class='ocrx_word' id='word_1_228' title='bbox 1125 3696 1288 3750; x_wconf 82' lang='lat' dir='ltr'>latere</span> <span class='ocrx_word' id='word_1_229' title='bbox 1305 3696 1484 3767; x_wconf 85' lang='lat' dir='ltr'>impo-</span> 
     </span>
     <span class='ocr_line' id='line_1_41' title="bbox 451 3773 1487 3845; baseline 0.005 -21"><span class='ocrx_word' id='word_1_230' title='bbox 451 3773 565 3838; x_wconf 86' lang='lat' dir='ltr'>nit,</span> <span class='ocrx_word' id='word_1_231' title='bbox 613 3791 785 3844; x_wconf 78' lang='lat' dir='ltr'>quum</span> <span class='ocrx_word' id='word_1_232' title='bbox 817 3794 881 3826; x_wconf 87' lang='lat' dir='ltr'>ex</span> <span class='ocrx_word' id='word_1_233' title='bbox 926 3776 1052 3845; x_wconf 80' lang='lat' dir='ltr'>ipsis</span> <span class='ocrx_word' id='word_1_234' title='bbox 1095 3776 1255 3828; x_wconf 88' lang='lat' dir='ltr'>Plinii</span> <span class='ocrx_word' id='word_1_235' title='bbox 1310 3776 1487 3829; x_wconf 82' lang='lat' dir='ltr'>verbis</span> 
     </span>
     <span class='ocr_line' id='line_1_42' title="bbox 451 3852 1485 3925; baseline 0.005 -21"><span class='ocrx_word' id='word_1_236' title='bbox 451 3872 514 3905; x_wconf 72' lang='lat' dir='ltr'>ex</span> <span class='ocrx_word' id='word_1_237' title='bbox 539 3852 739 3906; x_wconf 69' lang='lat' dir='ltr'>adverso</span> <span class='ocrx_word' id='word_1_238' title='bbox 760 3867 860 3907; x_wconf 87' lang='lat' dir='ltr'>etc.</span> <span class='ocrx_word' id='word_1_239' title='bbox 876 3890 888 3902; x_wconf 87' lang='lat'><em>-</em></span> <span class='ocrx_word' id='word_1_240' title='bbox 916 3889 928 3902; x_wconf 87' lang='lat'>-</span> <span class='ocrx_word' id='word_1_241' title='bbox 942 3866 992 3907; x_wconf 81' lang='lat' dir='ltr'>et</span> <span class='ocrx_word' id='word_1_242' title='bbox 1022 3858 1119 3925; x_wconf 78' lang='lat' dir='ltr'>ipse</span> <span class='ocrx_word' id='word_1_243' title='bbox 1145 3876 1178 3907; x_wconf 84' lang='lat' dir='ltr'><strong><em>a</em></strong></span> <span class='ocrx_word' id='word_1_244' title='bbox 1217 3856 1389 3909; x_wconf 66' lang='lat' dir='ltr'>dextr-0</span> <span class='ocrx_word' id='word_1_245' title='bbox 1412 3857 1485 3908; x_wconf 83' lang='lat' dir='ltr'>la·</span> 
     </span>
     <span class='ocr_line' id='line_1_43' title="bbox 454 3932 1477 4006; baseline 0.007 -23"><span class='ocrx_word' id='word_1_246' title='bbox 454 3944 576 3984; x_wconf 80' lang='lat' dir='ltr'>tere.</span> <span class='ocrx_word' id='word_1_247' title='bbox 603 3967 617 3979; x_wconf 89' lang='lat'><strong>.</strong></span> <span class='ocrx_word' id='word_1_248' title='bbox 643 3968 656 3980; x_wconf 90' lang='lat'>.</span> <span class='ocrx_word' id='word_1_249' title='bbox 671 3952 757 3987; x_wconf 86' lang='lat' dir='ltr'>eas</span> <span class='ocrx_word' id='word_1_250' title='bbox 772 3932 960 3987; x_wconf 84' lang='lat' dir='ltr'>dextro</span> <span class='ocrx_word' id='word_1_251' title='bbox 973 3935 1096 3987; x_wconf 77' lang='lat' dir='ltr'>sitas</span> <span class='ocrx_word' id='word_1_252' title='bbox 1107 3936 1268 3991; x_wconf 83' lang='lat' dir='ltr'>fuisse</span> <span class='ocrx_word' id='word_1_253' title='bbox 1284 3949 1477 4006; x_wconf 79' lang='lat' dir='ltr'>pateat.</span> 
     </span>
    </p>
   </div>
   <div class='ocr_carea' id='block_1_7' title="bbox 1566 1054 2601 1271">
    <p class='ocr_par' dir='ltr' id='par_1_8' title="bbox 1566 1054 2601 1271">
     <span class='ocr_line' id='line_1_44' title="bbox 1568 1054 2601 1129; baseline -0.002 -18"><span class='ocrx_word' id='word_1_254' title='bbox 1568 1056 1735 1112; x_wconf 78' lang='lat' dir='ltr'>Hard.</span> <span class='ocrx_word' id='word_1_255' title='bbox 1758 1059 1833 1112; x_wconf 85' lang='lat' dir='ltr'>ob</span> <span class='ocrx_word' id='word_1_256' title='bbox 1857 1056 1914 1111; x_wconf 91' lang='lat' dir='ltr'>id</span> <span class='ocrx_word' id='word_1_257' title='bbox 1941 1056 1997 1109; x_wconf 89' lang='lat' dir='ltr'>in</span> <span class='ocrx_word' id='word_1_258' title='bbox 2018 1055 2267 1129; x_wconf 85' lang='lat' dir='ltr'>pluribus</span> <span class='ocrx_word' id='word_1_259' title='bbox 2288 1073 2489 1119; x_wconf 78' lang='lat' dir='ltr'>errans,</span> <span class='ocrx_word' id='word_1_260' title='bbox 2506 1054 2601 1109; x_wconf 79' lang='lat' dir='ltr'>sed</span> 
     </span>
     <span class='ocr_line' id='line_1_45' title="bbox 1567 1135 2599 1209; baseline -0.002 -18"><span class='ocrx_word' id='word_1_261' title='bbox 1567 1138 1994 1209; x_wconf 77' lang='lat' dir='ltr'>septemtrionale</span> <span class='ocrx_word' id='word_1_262' title='bbox 2054 1150 2148 1189; x_wconf 86' lang='lat' dir='ltr'>est.</span> <span class='ocrx_word' id='word_1_263' title='bbox 2200 1136 2375 1189; x_wconf 81' lang='lat' dir='ltr'>Caura</span> <span class='ocrx_word' id='word_1_264' title='bbox 2438 1135 2599 1189; x_wconf 75' lang='lat' dir='ltr'>etiam</span> 
     </span>
     <span class='ocr_line' id='line_1_46' title="bbox 1566 1214 2597 1271; baseline -0.004 0"><span class='ocrx_word' id='word_1_265' title='bbox 1566 1237 1725 1271; x_wconf 86' lang='lat' dir='ltr'>suum</span> <span class='ocrx_word' id='word_1_266' title='bbox 1774 1235 1973 1271; x_wconf 88' lang='lat' dir='ltr'>nomen</span> <span class='ocrx_word' id='word_1_267' title='bbox 2016 1235 2230 1270; x_wconf 76' lang='lat' dir='ltr'>servare</span> <span class='ocrx_word' id='word_1_268' title='bbox 2282 1214 2498 1269; x_wconf 85' lang='lat' dir='ltr'>videtur</span> <span class='ocrx_word' id='word_1_269' title='bbox 2536 1217 2597 1268; x_wconf 88' lang='lat' dir='ltr'>in</span> 
     </span>
    </p>
   </div>
   <div class='ocr_carea' id='block_1_8' title="bbox 1572 1295 2603 1363">
    <p class='ocr_par' dir='ltr' id='par_1_9' title="bbox 1572 1295 2603 1363">
     <span class='ocr_line' id='line_1_47' title="bbox 1572 1295 2603 1363; baseline -0.002 -12"><span class='ocrx_word' id='word_1_270' title='bbox 1572 1297 1741 1363; x_wconf 80' lang='lat' dir='ltr'>Coria,</span> <span class='ocrx_word' id='word_1_271' title='bbox 1766 1296 1837 1351; x_wconf 77' lang='lat' dir='ltr'>nd</span> <span class='ocrx_word' id='word_1_272' title='bbox 1868 1295 2116 1349; x_wconf 79' lang='lat' dir='ltr'>dextrum</span> <span class='ocrx_word' id='word_1_273' title='bbox 2138 1296 2295 1349; x_wconf 72' lang='lat' dir='ltr'>Baetis</span> <span class='ocrx_word' id='word_1_274' title='bbox 2319 1296 2486 1361; x_wconf 83' lang='lat' dir='ltr'>latus,</span> <span class='ocrx_word' id='word_1_275' title='bbox 2507 1296 2603 1349; x_wconf 85' lang='lat' dir='ltr'>tri-</span> 
     </span>
    </p>
   </div>
   <div class='ocr_carea' id='block_1_9' title="bbox 1568 1373 2665 4009">
    <p class='ocr_par' dir='ltr' id='par_1_10' title="bbox 1568 1373 2290 1432">
     <span class='ocr_line' id='line_1_48' title="bbox 1568 1373 2290 1432; baseline -0.004 -1"><span class='ocrx_word' id='word_1_276' title='bbox 1568 1378 1670 1431; x_wconf 87' lang='lat' dir='ltr'>bus</span> <span class='ocrx_word' id='word_1_277' title='bbox 1698 1398 1730 1432; x_wconf 73' lang='lat' dir='ltr'>a</span> <span class='ocrx_word' id='word_1_278' title='bbox 1754 1373 1938 1431; x_wconf 78' lang='lat' dir='ltr'>Seoilla</span> <span class='ocrx_word' id='word_1_279' title='bbox 1964 1377 2149 1431; x_wconf 84' lang='lat' dir='ltr'>leucis.</span> <span class='ocrx_word' id='word_1_280' title='bbox 2182 1376 2290 1429; x_wconf 85' lang='lat' dir='ltr'>En.</span> 
     </span>
    </p>

    <p class='ocr_par' dir='ltr' id='par_1_11' title="bbox 1568 1456 2665 3688">
     <span class='ocr_line' id='line_1_49' title="bbox 1654 1456 2601 1527; baseline -0.004 -14"><span class='ocrx_word' id='word_1_281' title='bbox 1654 1461 1747 1513; x_wconf 88' lang='grc'>88.</span> <span class='ocrx_word' id='word_1_282' title='bbox 1791 1458 1993 1511; x_wconf 72' lang='lat' dir='ltr'>Flavius</span> <span class='ocrx_word' id='word_1_283' title='bbox 2030 1456 2245 1510; x_wconf 81' lang='lat' dir='ltr'>Menoba</span> <span class='ocrx_word' id='word_1_284' title='bbox 2306 1468 2359 1507; x_wconf 75' lang='lat' dir='ltr'>et</span> <span class='ocrx_word' id='word_1_285' title='bbox 2408 1459 2509 1527; x_wconf 77' lang='lat' dir='ltr'>ipse</span> <span class='ocrx_word' id='word_1_286' title='bbox 2569 1478 2601 1509; x_wconf 76' lang='lat' dir='ltr'><strong><em>a</em></strong></span> 
     </span>
     <span class='ocr_line' id='line_1_50' title="bbox 1570 1536 2601 1603; baseline 0 -14"><span class='ocrx_word' id='word_1_287' title='bbox 1570 1538 1743 1590; x_wconf 76' lang='lat' dir='ltr'>dextro</span> <span class='ocrx_word' id='word_1_288' title='bbox 1758 1538 1909 1591; x_wconf 80' lang='lat' dir='ltr'>latere</span> <span class='ocrx_word' id='word_1_289' title='bbox 1919 1540 2121 1603; x_wconf 80' lang='lat' dir='ltr'>infusus.</span> <span class='ocrx_word' id='word_1_290' title='bbox 2136 1536 2226 1591; x_wconf 87' lang='lat' dir='ltr'>Sic</span> <span class='ocrx_word' id='word_1_291' title='bbox 2239 1537 2421 1589; x_wconf 87' lang='lat' dir='ltr'>locum</span> <span class='ocrx_word' id='word_1_292' title='bbox 2436 1538 2601 1589; x_wconf 84' lang='lat' dir='ltr'>istum</span> 
     </span>
     <span class='ocr_line' id='line_1_51' title="bbox 1570 1616 2603 1685; baseline -0.002 -15"><span class='ocrx_word' id='word_1_293' title='bbox 1570 1636 1635 1671; x_wconf 89' lang='lat' dir='ltr'>ex</span> <span class='ocrx_word' id='word_1_294' title='bbox 1656 1618 1899 1671; x_wconf 87' lang='lat' dir='ltr'>editione</span> <span class='ocrx_word' id='word_1_295' title='bbox 1924 1618 2165 1671; x_wconf 77' lang='lat' dir='ltr'>Romana</span> <span class='ocrx_word' id='word_1_296' title='bbox 2195 1616 2321 1669; x_wconf 78' lang='lat' dir='ltr'>anni</span> <span class='ocrx_word' id='word_1_297' title='bbox 2362 1623 2506 1685; x_wconf 71' lang='lat'>1470</span> <span class='ocrx_word' id='word_1_298' title='bbox 2549 1629 2603 1669; x_wconf 90' lang='lat' dir='ltr'>et</span> 
     </span>
     <span class='ocr_line' id='line_1_52' title="bbox 1568 1694 2605 1761; baseline -0.004 -10"><span class='ocrx_word' id='word_1_299' title='bbox 1568 1698 1842 1751; x_wconf 76' lang='lat' dir='ltr'>Parmensi</span> <span class='ocrx_word' id='word_1_300' title='bbox 1904 1695 2209 1751; x_wconf 81' lang='lat' dir='ltr'>emendavit</span> <span class='ocrx_word' id='word_1_301' title='bbox 2264 1694 2605 1761; x_wconf 79' lang='lat' dir='ltr'>Harduinus,</span> 
     </span>
     <span class='ocr_line' id='line_1_53' title="bbox 1572 1776 2602 1849; baseline 0 -20"><span class='ocrx_word' id='word_1_302' title='bbox 1572 1796 1739 1849; x_wconf 87' lang='lat' dir='ltr'>quum</span> <span class='ocrx_word' id='word_1_303' title='bbox 1765 1777 1941 1831; x_wconf 77' lang='lat' dir='ltr'>eaeteri</span> <span class='ocrx_word' id='word_1_304' title='bbox 1964 1796 2151 1830; x_wconf 86' lang='lat' dir='ltr'>omnes</span> <span class='ocrx_word' id='word_1_305' title='bbox 2187 1776 2318 1829; x_wconf 88' lang='lat' dir='ltr'>libri</span> <span class='ocrx_word' id='word_1_306' title='bbox 2342 1794 2471 1829; x_wconf 86' lang='lat' dir='ltr'>cum</span> <span class='ocrx_word' id='word_1_307' title='bbox 2492 1777 2602 1829; x_wconf 74' lang='lat' dir='ltr'>Da-</span> 
     </span>
     <span class='ocr_line' id='line_1_54' title="bbox 1570 1855 2605 1929; baseline -0.003 -19"><span class='ocrx_word' id='word_1_308' title='bbox 1570 1858 1834 1929; x_wconf 77' lang='lat' dir='ltr'>lecampio</span> <span class='ocrx_word' id='word_1_309' title='bbox 1856 1856 2171 1911; x_wconf 84' lang='lat' dir='ltr'>exhiberent</span> <span class='ocrx_word' id='word_1_310' title='bbox 2198 1874 2213 1910; x_wconf 72' lang='grc' dir='ltr'>ε</span> <span class='ocrx_word' id='word_1_311' title='bbox 2241 1856 2443 1909; x_wconf 72' lang='lat' dir='ltr'>Flavius</span> <span class='ocrx_word' id='word_1_312' title='bbox 2472 1855 2605 1907; x_wconf 74' lang='grc' dir='ltr'>Μω-</span> 
     </span>
     <span class='ocr_line' id='line_1_55' title="bbox 1572 1936 2600 2008; baseline 0 -19"><span class='ocrx_word' id='word_1_313' title='bbox 1572 1937 1720 2000; x_wconf 82' lang='lat' dir='ltr'>noba,</span> <span class='ocrx_word' id='word_1_314' title='bbox 1764 1936 1899 1989; x_wconf 76' lang='lat' dir='ltr'>Boeei</span> <span class='ocrx_word' id='word_1_315' title='bbox 1926 1950 1978 1989; x_wconf 79' lang='lat' dir='ltr'>ee</span> <span class='ocrx_word' id='word_1_316' title='bbox 2016 1940 2115 2008; x_wconf 77' lang='lat' dir='ltr'>ipse</span> <span class='ocrx_word' id='word_1_317' title='bbox 2164 1956 2197 1987; x_wconf 82' lang='lat' dir='ltr'><strong><em>a</em></strong></span> <span class='ocrx_word' id='word_1_318' title='bbox 2244 1936 2417 1988; x_wconf 71' lang='lat' dir='ltr'>‹le-nro</span> <span class='ocrx_word' id='word_1_319' title='bbox 2448 1938 2600 1989; x_wconf 79' lang='lat' dir='ltr'>latere</span> 
     </span>
     <span class='ocr_line' id='line_1_56' title="bbox 1574 2015 2608 2089; baseline -0.002 -19"><span class='ocrx_word' id='word_1_320' title='bbox 1574 2020 1791 2085; x_wconf 78' lang='lat' dir='ltr'>infusus,</span> <span class='ocrx_word' id='word_1_321' title='bbox 1840 2015 1987 2089; x_wconf 85' lang='lat' dir='ltr'>quod</span> <span class='ocrx_word' id='word_1_322' title='bbox 2019 2036 2117 2088; x_wconf 77' lang='lat' dir='ltr'>ego</span> <span class='ocrx_word' id='word_1_323' title='bbox 2146 2016 2359 2069; x_wconf 82' lang='lat' dir='ltr'>mallem</span> <span class='ocrx_word' id='word_1_324' title='bbox 2376 2055 2393 2082; x_wconf 93' lang='lat'>,</span> <span class='ocrx_word' id='word_1_325' title='bbox 2420 2034 2608 2087; x_wconf 76' lang='lat' dir='ltr'>quam·</span> 
     </span>
     <span class='ocr_line' id='line_1_57' title="bbox 1573 2094 2665 2151; baseline -0.001 -1"><span class='ocrx_word' id='word_1_326' title='bbox 1573 2098 1655 2151; x_wconf 79' lang='lat' dir='ltr'>vis</span> <span class='ocrx_word' id='word_1_327' title='bbox 1704 2096 1849 2151; x_wconf 86' lang='lat' dir='ltr'>idem</span> <span class='ocrx_word' id='word_1_328' title='bbox 1882 2095 2195 2150; x_wconf 74' lang='lat' dir='ltr'>Harduinus</span> <span class='ocrx_word' id='word_1_329' title='bbox 2237 2094 2607 2149; x_wconf 83' lang='lat' dir='ltr'>demonstrare</span> <span class='ocrx_word' id='word_1_330' title='bbox 2659 2133 2665 2139; x_wconf 88' lang='lat'>-</span> 
     </span>
     <span class='ocr_line' id='line_1_58' title="bbox 1572 2175 2606 2248; baseline -0.004 -17"><span class='ocrx_word' id='word_1_331' title='bbox 1572 2178 1772 2231; x_wconf 77' lang='lat' dir='ltr'>nitatur</span> <span class='ocrx_word' id='word_1_332' title='bbox 1794 2177 2031 2230; x_wconf 85' lang='lat' dir='ltr'>Plinium</span> <span class='ocrx_word' id='word_1_333' title='bbox 2054 2178 2145 2231; x_wconf 82' lang='lat' dir='ltr'>hic</span> <span class='ocrx_word' id='word_1_334' title='bbox 2171 2175 2469 2248; x_wconf 80' lang='lat' dir='ltr'>significare</span> <span class='ocrx_word' id='word_1_335' title='bbox 2506 2194 2606 2229; x_wconf 83' lang='lat' dir='ltr'>vo-</span> 
     </span>
     <span class='ocr_line' id='line_1_59' title="bbox 1575 2256 2606 2321; baseline -0.003 -10"><span class='ocrx_word' id='word_1_336' title='bbox 1575 2258 1734 2311; x_wconf 87' lang='lat' dir='ltr'>luisse</span> <span class='ocrx_word' id='word_1_337' title='bbox 1796 2256 2021 2310; x_wconf 82' lang='lat' dir='ltr'>fluvium</span> <span class='ocrx_word' id='word_1_338' title='bbox 2077 2257 2225 2310; x_wconf 87' lang='lat' dir='ltr'>hunc</span> <span class='ocrx_word' id='word_1_339' title='bbox 2276 2256 2567 2309; x_wconf 81' lang='lat' dir='ltr'>Menobam</span> <span class='ocrx_word' id='word_1_340' title='bbox 2588 2294 2606 2321; x_wconf 89' lang='lat'>,</span> 
     </span>
     <span class='ocr_line' id='line_1_60' title="bbox 1575 2334 2608 2409; baseline -0.002 -18"><span class='ocrx_word' id='word_1_341' title='bbox 1575 2356 1736 2409; x_wconf 83' lang='lat' dir='ltr'>quem</span> <span class='ocrx_word' id='word_1_342' title='bbox 1756 2335 1922 2391; x_wconf 88' lang='lat' dir='ltr'>hodie</span> <span class='ocrx_word' id='word_1_343' title='bbox 1945 2338 2042 2389; x_wconf 70' lang='lat'>1310</span> <span class='ocrx_word' id='word_1_344' title='bbox 2083 2335 2352 2391; x_wconf 80' lang='lat' dir='ltr'>Guadelete</span> <span class='ocrx_word' id='word_1_345' title='bbox 2376 2354 2487 2389; x_wconf 90' lang='lat' dir='ltr'>esse</span> <span class='ocrx_word' id='word_1_346' title='bbox 2520 2334 2608 2389; x_wconf 86' lang='lat' dir='ltr'>di-</span> 
     </span>
     <span class='ocr_line' id='line_1_61' title="bbox 1574 2414 2605 2489; baseline -0.002 -18"><span class='ocrx_word' id='word_1_347' title='bbox 1574 2418 1672 2483; x_wconf 82' lang='lat' dir='ltr'>cit,</span> <span class='ocrx_word' id='word_1_348' title='bbox 1698 2436 1807 2470; x_wconf 83' lang='lat' dir='ltr'>non</span> <span class='ocrx_word' id='word_1_349' title='bbox 1824 2417 1976 2483; x_wconf 70' lang='lat' dir='ltr'>Baeti,</span> <span class='ocrx_word' id='word_1_350' title='bbox 2000 2416 2093 2470; x_wconf 84' lang='lat' dir='ltr'>sed</span> <span class='ocrx_word' id='word_1_351' title='bbox 2122 2414 2326 2489; x_wconf 89' lang='lat' dir='ltr'>oppido</span> <span class='ocrx_word' id='word_1_352' title='bbox 2348 2415 2501 2469; x_wconf 81' lang='lat' dir='ltr'>Siaro</span> <span class='ocrx_word' id='word_1_353' title='bbox 2518 2417 2605 2469; x_wconf 82' lang='lat' dir='ltr'>vel</span> 
     </span>
     <span class='ocr_line' id='line_1_62' title="bbox 1576 2496 2607 2568; baseline -0.002 -18"><span class='ocrx_word' id='word_1_354' title='bbox 1576 2496 1763 2551; x_wconf 81' lang='lat' dir='ltr'>Siariis</span> <span class='ocrx_word' id='word_1_355' title='bbox 1804 2497 1942 2568; x_wconf 77' lang='lat' dir='ltr'>agris</span> <span class='ocrx_word' id='word_1_356' title='bbox 1976 2496 2225 2562; x_wconf 84' lang='lat' dir='ltr'>infundi,</span> <span class='ocrx_word' id='word_1_357' title='bbox 2266 2508 2328 2548; x_wconf 89' lang='lat' dir='ltr'>ut</span> <span class='ocrx_word' id='word_1_358' title='bbox 2364 2496 2607 2568; x_wconf 85' lang='lat' dir='ltr'>superius</span> 
     </span>
     <span class='ocr_line' id='line_1_63' title="bbox 1576 2575 2608 2648; baseline -0.002 -17"><span class='ocrx_word' id='word_1_359' title='bbox 1576 2576 1714 2632; x_wconf 81' lang='lat' dir='ltr'>dixit</span> <span class='ocrx_word' id='word_1_360' title='bbox 1758 2575 1827 2630; x_wconf 91' lang='lat' dir='ltr'>de</span> <span class='ocrx_word' id='word_1_361' title='bbox 1870 2576 2000 2630; x_wconf 73' lang='lat' dir='ltr'>Baeti</span> <span class='ocrx_word' id='word_1_362' title='bbox 2032 2596 2045 2631; x_wconf 90' lang='lat'>:</span> <span class='ocrx_word' id='word_1_363' title='bbox 2070 2578 2276 2633; x_wconf 76' lang='lat' dir='ltr'>Boeticoe</span> <span class='ocrx_word' id='word_1_364' title='bbox 2300 2580 2511 2648; x_wconf 78' lang='lat' dir='ltr'>primum</span> <span class='ocrx_word' id='word_1_365' title='bbox 2542 2577 2608 2629; x_wconf 81' lang='lat' dir='ltr'>ab</span> 
     </span>
     <span class='ocr_line' id='line_1_64' title="bbox 1582 2655 2606 2728; baseline -0.001 -17"><span class='ocrx_word' id='word_1_366' title='bbox 1582 2658 1891 2727; x_wconf 76' lang='lat' dir='ltr'>Ossigitania</span> <span class='ocrx_word' id='word_1_367' title='bbox 1938 2658 2141 2725; x_wconf 76' lang='lat' dir='ltr'>infusus.</span> <span class='ocrx_word' id='word_1_368' title='bbox 2184 2655 2290 2711; x_wconf 87' lang='lat' dir='ltr'>Sed</span> <span class='ocrx_word' id='word_1_369' title='bbox 2339 2669 2606 2728; x_wconf 84' lang='lat' dir='ltr'>perpetuo</span> 
     </span>
     <span class='ocr_line' id='line_1_65' title="bbox 1577 2736 2607 2791; baseline 0 0"><span class='ocrx_word' id='word_1_370' title='bbox 1577 2756 1758 2791; x_wconf 86' lang='lat' dir='ltr'>errore</span> <span class='ocrx_word' id='word_1_371' title='bbox 1800 2738 2043 2791; x_wconf 77' lang='lat' dir='ltr'>laborare</span> <span class='ocrx_word' id='word_1_372' title='bbox 2078 2736 2419 2791; x_wconf 81' lang='lat' dir='ltr'>Harduinum</span> <span class='ocrx_word' id='word_1_373' title='bbox 2446 2755 2607 2791; x_wconf 88' lang='lat' dir='ltr'>nemo</span> 
     </span>
     <span class='ocr_line' id='line_1_66' title="bbox 1574 2815 2610 2889; baseline -0.004 -18"><span class='ocrx_word' id='word_1_374' title='bbox 1574 2816 1761 2871; x_wconf 78' lang='lat' dir='ltr'>videre</span> <span class='ocrx_word' id='word_1_375' title='bbox 1780 2836 1893 2871; x_wconf 88' lang='lat' dir='ltr'>non</span> <span class='ocrx_word' id='word_1_376' title='bbox 1913 2829 2119 2889; x_wconf 84' lang='lat' dir='ltr'>potest,</span> <span class='ocrx_word' id='word_1_377' title='bbox 2148 2816 2247 2888; x_wconf 86' lang='lat' dir='ltr'>qui</span> <span class='ocrx_word' id='word_1_378' title='bbox 2282 2816 2373 2870; x_wconf 81' lang='lat' dir='ltr'>hio</span> <span class='ocrx_word' id='word_1_379' title='bbox 2406 2815 2567 2870; x_wconf 80' lang='lat' dir='ltr'>etiam</span> <span class='ocrx_word' id='word_1_380' title='bbox 2591 2856 2610 2881; x_wconf 90' lang='lat'>‚</span> 
     </span>
     <span class='ocr_line' id='line_1_67' title="bbox 1576 2895 2605 2969; baseline -0.002 -19"><span class='ocrx_word' id='word_1_381' title='bbox 1576 2910 1639 2952; x_wconf 88' lang='lat' dir='ltr'>ut</span> <span class='ocrx_word' id='word_1_382' title='bbox 1672 2900 1782 2969; x_wconf 80' lang='lat' dir='ltr'>jam</span> <span class='ocrx_word' id='word_1_383' title='bbox 1822 2896 1987 2951; x_wconf 87' lang='lat' dir='ltr'>modo</span> <span class='ocrx_word' id='word_1_384' title='bbox 2026 2896 2292 2963; x_wconf 78' lang='lat' dir='ltr'>diximus,</span> <span class='ocrx_word' id='word_1_385' title='bbox 2354 2895 2605 2949; x_wconf 86' lang='lat' dir='ltr'>dextrum</span> 
     </span>
     <span class='ocr_line' id='line_1_68' title="bbox 1576 2975 2609 3049; baseline 0 -20"><span class='ocrx_word' id='word_1_386' title='bbox 1576 2978 1734 3031; x_wconf 71' lang='lat' dir='ltr'>Baetis</span> <span class='ocrx_word' id='word_1_387' title='bbox 1777 2978 1916 3033; x_wconf 82' lang='lat' dir='ltr'>latus</span> <span class='ocrx_word' id='word_1_388' title='bbox 1940 2996 2041 3049; x_wconf 85' lang='lat' dir='ltr'>pro</span> <span class='ocrx_word' id='word_1_389' title='bbox 2071 2977 2285 3030; x_wconf 86' lang='lat' dir='ltr'>sinistro</span> <span class='ocrx_word' id='word_1_390' title='bbox 2318 2975 2483 3029; x_wconf 83' lang='lat' dir='ltr'>sumit</span> <span class='ocrx_word' id='word_1_391' title='bbox 2522 2976 2609 3029; x_wconf 88' lang='lat' dir='ltr'>in-</span> 
     </span>
     <span class='ocr_line' id='line_1_69' title="bbox 1576 3056 2609 3128; baseline -0.003 -17"><span class='ocrx_word' id='word_1_392' title='bbox 1576 3070 1762 3117; x_wconf 79' lang='lat' dir='ltr'>cautus</span> <span class='ocrx_word' id='word_1_393' title='bbox 1779 3096 1795 3126; x_wconf 93' lang='lat'>,</span> <span class='ocrx_word' id='word_1_394' title='bbox 1838 3076 2005 3128; x_wconf 86' lang='lat' dir='ltr'>quum</span> <span class='ocrx_word' id='word_1_395' title='bbox 2053 3056 2280 3110; x_wconf 80' lang='lat' dir='ltr'>fluvium</span> <span class='ocrx_word' id='word_1_396' title='bbox 2314 3056 2609 3109; x_wconf 77' lang='lat' dir='ltr'>Menobam</span> 
     </span>
     <span class='ocr_line' id='line_1_70' title="bbox 1578 3134 2605 3193; baseline -0.001 -3"><span class='ocrx_word' id='word_1_397' title='bbox 1578 3139 1675 3191; x_wconf 72' lang='lat' dir='ltr'>flio</span> <span class='ocrx_word' id='word_1_398' title='bbox 1708 3138 1979 3193; x_wconf 66' lang='lat' dir='ltr'>Gnadelete</span> <span class='ocrx_word' id='word_1_399' title='bbox 2010 3134 2172 3190; x_wconf 89' lang='lat' dir='ltr'>hodie</span> <span class='ocrx_word' id='word_1_400' title='bbox 2209 3154 2319 3189; x_wconf 85' lang='lat' dir='ltr'>esse</span> <span class='ocrx_word' id='word_1_401' title='bbox 2354 3134 2605 3189; x_wconf 80' lang='lat' dir='ltr'>affirmat.</span> 
     </span>
     <span class='ocr_line' id='line_1_71' title="bbox 1578 3214 2611 3271; baseline 0 -2"><span class='ocrx_word' id='word_1_402' title='bbox 1578 3217 1751 3271; x_wconf 75' lang='lat' dir='ltr'>Nobis</span> <span class='ocrx_word' id='word_1_403' title='bbox 1800 3230 1977 3271; x_wconf 78' lang='lat' dir='ltr'>autem</span> <span class='ocrx_word' id='word_1_404' title='bbox 2024 3215 2219 3270; x_wconf 78' lang='lat' dir='ltr'>fluvius</span> <span class='ocrx_word' id='word_1_405' title='bbox 2260 3216 2356 3269; x_wconf 84' lang='lat' dir='ltr'>iste</span> <span class='ocrx_word' id='word_1_406' title='bbox 2392 3214 2611 3269; x_wconf 81' lang='lat' dir='ltr'>videtur</span> 
     </span>
     <span class='ocr_line' id='line_1_72' title="bbox 1577 3295 2613 3369; baseline 0.001 -20"><span class='ocrx_word' id='word_1_407' title='bbox 1577 3316 1703 3351; x_wconf 88' lang='lat' dir='ltr'>eum</span> <span class='ocrx_word' id='word_1_408' title='bbox 1734 3317 1844 3351; x_wconf 81' lang='lat' dir='ltr'>esse</span> <span class='ocrx_word' id='word_1_409' title='bbox 1874 3297 1969 3369; x_wconf 86' lang='lat' dir='ltr'>qui</span> <span class='ocrx_word' id='word_1_410' title='bbox 1993 3295 2183 3350; x_wconf 84' lang='lat' dir='ltr'>dextro</span> <span class='ocrx_word' id='word_1_411' title='bbox 2227 3295 2395 3349; x_wconf 78' lang='lat' dir='ltr'>latere</span> <span class='ocrx_word' id='word_1_412' title='bbox 2418 3295 2477 3348; x_wconf 89' lang='lat' dir='ltr'>in</span> <span class='ocrx_word' id='word_1_413' title='bbox 2502 3296 2613 3350; x_wconf 76' lang='lat' dir='ltr'>13ae-</span> 
     </span>
     <span class='ocr_line' id='line_1_73' title="bbox 1576 3376 2611 3450; baseline 0 -21"><span class='ocrx_word' id='word_1_414' title='bbox 1576 3376 1675 3429; x_wconf 87' lang='lat' dir='ltr'>tim</span> <span class='ocrx_word' id='word_1_415' title='bbox 1702 3376 2045 3450; x_wconf 85' lang='lat' dir='ltr'>incidit,quo</span> <span class='ocrx_word' id='word_1_416' title='bbox 2078 3381 2199 3429; x_wconf 85' lang='lat' dir='ltr'>loco</span> <span class='ocrx_word' id='word_1_417' title='bbox 2228 3376 2385 3434; x_wconf 75' lang='lat' dir='ltr'>Baetis</span> <span class='ocrx_word' id='word_1_418' title='bbox 2406 3376 2522 3448; x_wconf 80' lang='lat' dir='ltr'>ipse</span> <span class='ocrx_word' id='word_1_419' title='bbox 2550 3377 2611 3429; x_wconf 87' lang='lat' dir='ltr'>in</span> 
     </span>
     <span class='ocr_line' id='line_1_74' title="bbox 1578 3454 2611 3522; baseline 0 -13"><span class='ocrx_word' id='word_1_420' title='bbox 1578 3455 1691 3510; x_wconf 89' lang='lat' dir='ltr'>duo</span> <span class='ocrx_word' id='word_1_421' title='bbox 1741 3456 1962 3512; x_wconf 79' lang='lat' dir='ltr'>brachia</span> <span class='ocrx_word' id='word_1_422' title='bbox 2018 3454 2281 3509; x_wconf 76' lang='lat' dir='ltr'>dividitur</span> <span class='ocrx_word' id='word_1_423' title='bbox 2310 3495 2328 3522; x_wconf 90' lang='lat'>,</span> <span class='ocrx_word' id='word_1_424' title='bbox 2378 3456 2611 3509; x_wconf 79' lang='lat' dir='ltr'>insulam</span> 
     </span>
     <span class='ocr_line' id='line_1_75' title="bbox 1578 3536 2609 3609; baseline 0 -20"><span class='ocrx_word' id='word_1_425' title='bbox 1578 3554 1741 3607; x_wconf 79' lang='lat' dir='ltr'>quam</span> <span class='ocrx_word' id='word_1_426' title='bbox 1806 3536 1971 3591; x_wconf 89' lang='lat' dir='ltr'>hodie</span> <span class='ocrx_word' id='word_1_427' title='bbox 2018 3536 2124 3589; x_wconf 79' lang='lat' dir='ltr'>Isla</span> <span class='ocrx_word' id='word_1_428' title='bbox 2164 3536 2336 3607; x_wconf 81' lang='lat' dir='ltr'>Major</span> <span class='ocrx_word' id='word_1_429' title='bbox 2378 3536 2609 3609; x_wconf 79' lang='lat' dir='ltr'>Hispani</span> 
     </span>
     <span class='ocr_line' id='line_1_76' title="bbox 1576 3616 2324 3688; baseline -0.003 -18"><span class='ocrx_word' id='word_1_430' title='bbox 1576 3628 1801 3682; x_wconf 75' lang='lat' dir='ltr'>vocant,</span> <span class='ocrx_word' id='word_1_431' title='bbox 1828 3617 2185 3688; x_wconf 80' lang='lat' dir='ltr'>amplexurus.</span> <span class='ocrx_word' id='word_1_432' title='bbox 2219 3616 2324 3668; x_wconf 85' lang='lat' dir='ltr'>En.</span> 
     </span>
    </p>

    <p class='ocr_par' dir='ltr' id='par_1_12' title="bbox 1572 3694 2614 4009">
     <span class='ocr_line' id='line_1_77' title="bbox 1659 3694 2612 3765; baseline -0.005 -12"><span class='ocrx_word' id='word_1_433' title='bbox 1659 3700 1753 3765; x_wconf 87' lang='grc'>89.</span> <span class='ocrx_word' id='word_1_434' title='bbox 1800 3698 2033 3751; x_wconf 79' lang='lat' dir='ltr'>Nebrissa</span> <span class='ocrx_word' id='word_1_435' title='bbox 2077 3694 2242 3749; x_wconf 86' lang='lat' dir='ltr'>hodie</span> <span class='ocrx_word' id='word_1_436' title='bbox 2288 3695 2485 3765; x_wconf 76' lang='lat' dir='ltr'>Lebrija</span> <span class='ocrx_word' id='word_1_437' title='bbox 2496 3735 2513 3760; x_wconf 86' lang='lat'>,</span> <span class='ocrx_word' id='word_1_438' title='bbox 2566 3696 2612 3748; x_wconf 86' lang='lat' dir='ltr'>si</span> 
     </span>
     <span class='ocr_line' id='line_1_78' title="bbox 1574 3774 2604 3851; baseline -0.003 -22"><span class='ocrx_word' id='word_1_439' title='bbox 1574 3776 1871 3832; x_wconf 80' lang='lat' dir='ltr'>Marianam</span> <span class='ocrx_word' id='word_1_440' title='bbox 1885 3777 1984 3830; x_wconf 88' lang='lat' dir='ltr'>lib.</span> <span class='ocrx_word' id='word_1_441' title='bbox 2002 3778 2057 3843; x_wconf 94' lang='lat' dir='ltr'>I,</span> <span class='ocrx_word' id='word_1_442' title='bbox 2076 3776 2387 3851; x_wconf 33' lang='lat' dir='ltr'>Histgflisp.</span> <span class='ocrx_word' id='word_1_443' title='bbox 2402 3794 2523 3846; x_wconf 82' lang='lat' dir='ltr'>cap.</span> <span class='ocrx_word' id='word_1_444' title='bbox 2546 3774 2604 3840; x_wconf 86' lang='lat'>3,</span> 
     </span>
     <span class='ocr_line' id='line_1_79' title="bbox 1574 3852 2614 3919; baseline -0.002 -10"><span class='ocrx_word' id='word_1_445' title='bbox 1574 3869 1629 3910; x_wconf 90' lang='lat' dir='ltr'>et</span> <span class='ocrx_word' id='word_1_446' title='bbox 1656 3860 1855 3911; x_wconf 81' lang='lat' dir='ltr'>Anton.</span> <span class='ocrx_word' id='word_1_447' title='bbox 1888 3857 2290 3913; x_wconf 85' lang='lat' dir='ltr'>Nebrissensem</span> <span class='ocrx_word' id='word_1_448' title='bbox 2330 3852 2614 3919; x_wconf 77' lang='lat' dir='ltr'>audimus;</span> 
     </span>
     <span class='ocr_line' id='line_1_80' title="bbox 1572 3935 2612 4009; baseline 0 -20"><span class='ocrx_word' id='word_1_449' title='bbox 1572 3954 1880 4009; x_wconf 80' lang='lat' dir='ltr'>quanquam</span> <span class='ocrx_word' id='word_1_450' title='bbox 1918 3938 2049 3991; x_wconf 87' lang='lat' dir='ltr'>urbs</span> <span class='ocrx_word' id='word_1_451' title='bbox 2092 3936 2181 3989; x_wconf 83' lang='lat' dir='ltr'>illa</span> <span class='ocrx_word' id='word_1_452' title='bbox 2223 3955 2367 3989; x_wconf 86' lang='lat' dir='ltr'>nunc</span> <span class='ocrx_word' id='word_1_453' title='bbox 2405 3954 2435 3988; x_wconf 85' lang='lat' dir='ltr'><strong>a</strong></span> <span class='ocrx_word' id='word_1_454' title='bbox 2474 3935 2612 3989; x_wconf 68' lang='lat' dir='ltr'>Baeti</span> 
     </span>
    </p>
   </div>
   <div class='ocr_carea' id='block_1_10' title="bbox 450 4012 2615 4169">
    <p class='ocr_par' dir='ltr' id='par_1_13' title="bbox 450 4012 2615 4169">
     <span class='ocr_line' id='line_1_81' title="bbox 451 4012 2615 4088; baseline 0.002 -24"><span class='ocrx_word' id='word_1_455' title='bbox 451 4012 712 4065; x_wconf 85' lang='lat' dir='ltr'>Dextrum</span> <span class='ocrx_word' id='word_1_456' title='bbox 733 4026 910 4067; x_wconf 78' lang='lat' dir='ltr'>autem</span> <span class='ocrx_word' id='word_1_457' title='bbox 936 4013 1078 4068; x_wconf 78' lang='lat' dir='ltr'>latus</span> <span class='ocrx_word' id='word_1_458' title='bbox 1097 4034 1208 4067; x_wconf 91' lang='lat' dir='ltr'>non</span> <span class='ocrx_word' id='word_1_459' title='bbox 1229 4014 1481 4069; x_wconf 87' lang='lat' dir='ltr'>meridio·</span> <span class='ocrx_word' id='word_1_460' title='bbox 1568 4034 1637 4071; x_wconf 70' lang='grc' dir='ltr'>Μ.</span> <span class='ocrx_word' id='word_1_461' title='bbox 1674 4037 1811 4088; x_wconf 78' lang='lat' dir='ltr'>pass.</span> <span class='ocrx_word' id='word_1_462' title='bbox 1855 4037 1889 4070; x_wconf 81' lang='lat' dir='ltr'>v</span> <span class='ocrx_word' id='word_1_463' title='bbox 1920 4031 1975 4071; x_wconf 85' lang='lat' dir='ltr'>et</span> <span class='ocrx_word' id='word_1_464' title='bbox 2016 4018 2085 4071; x_wconf 79' lang='lat' dir='ltr'>ab</span> <span class='ocrx_word' id='word_1_465' title='bbox 2120 4019 2233 4087; x_wconf 82' lang='lat' dir='ltr'>ejus</span> <span class='ocrx_word' id='word_1_466' title='bbox 2270 4016 2409 4069; x_wconf 89' lang='lat' dir='ltr'>ostio</span> <span class='ocrx_word' id='word_1_467' title='bbox 2450 4034 2515 4069; x_wconf 85' lang='lat' dir='ltr'>xx</span> <span class='ocrx_word' id='word_1_468' title='bbox 2557 4028 2615 4068; x_wconf 90' lang='lat' dir='ltr'>et</span> 
     </span>
     <span class='ocr_line' id='line_1_82' title="bbox 450 4084 2613 4169; baseline 0.002 -26"><span class='ocrx_word' id='word_1_469' title='bbox 450 4092 599 4154; x_wconf 81' lang='lat' dir='ltr'>nale,</span> <span class='ocrx_word' id='word_1_470' title='bbox 655 4107 716 4148; x_wconf 89' lang='lat' dir='ltr'>ut</span> <span class='ocrx_word' id='word_1_471' title='bbox 763 4114 874 4149; x_wconf 89' lang='lat' dir='ltr'>non</span> <span class='ocrx_word' id='word_1_472' title='bbox 926 4095 1088 4149; x_wconf 82' lang='lat' dir='ltr'>semel</span> <span class='ocrx_word' id='word_1_473' title='bbox 1135 4096 1192 4147; x_wconf 88' lang='lat' dir='ltr'>in</span> <span class='ocrx_word' id='word_1_474' title='bbox 1235 4097 1374 4148; x_wconf 87' lang='lat' dir='ltr'>notis</span> <span class='ocrx_word' id='word_1_475' title='bbox 1403 4098 1476 4151; x_wconf 81' lang='lat' dir='ltr'>ait</span> <span class='ocrx_word' id='word_1_476' title='bbox 1568 4097 1798 4169; x_wconf 74' lang='lat' dir='ltr'>amplius</span> <span class='ocrx_word' id='word_1_477' title='bbox 1844 4096 2023 4152; x_wconf 87' lang='lat' dir='ltr'>distet.</span> <span class='ocrx_word' id='word_1_478' title='bbox 2082 4084 2249 4161; x_wconf 85' lang='lat' dir='ltr'>Quod</span> <span class='ocrx_word' id='word_1_479' title='bbox 2286 4115 2413 4150; x_wconf 79' lang='lat' dir='ltr'>vero</span> <span class='ocrx_word' id='word_1_480' title='bbox 2456 4094 2613 4149; x_wconf 84' lang='lat' dir='ltr'>addit</span> 
     </span>
    </p>
   </div>
  </div>
 </body>
</html>
