2950 5017
626 507 767 577 118

1143 508 1219 576 C.
1276 508 1622 575 PLINII
1675 506 1897 575 ΝΑΤ.
1954 503 2209 572 HIST.

614 652 769 707 octo
826 636 1117 707 millibus
1216 661 1484 707 assuum
1540 637 1893 719 distanteS,
1937 634 2180 704 Tiberii
2229 633 2548 728 principis
2602 656 2761 701 arce

614 742 867 813 nobiles
898 747 1173 838 Capreae
1208 732 1233 775 ⁴

719 853 915 919 XIII.
938 850 1141 919 Mox¹
1178 846 1608 921 Leucothea'

1237 798 1255 830 ,
1292 745 1573 813 circuitu
1615 768 1692 813 xl
1730 726 2068 811 millium³⁵
2095 764 2431 836 passuum.

1641 864 2008 944 ·extraque
2037 828 2508 983 conspectum³
2528 842 2754 937 ‚·pela

614 980 737 1049 gns
790 956 1089 1025 Africum
1144 958 1512 1051 attingens,
1567 955 1905 1043 Sardinia,
1949 955 2166 1023 minus
2203 938 2398 1023 octo⁴
2465 948 2760 1019 millibus

612 1086 927 1155 passuum
976 1086 1015 1130 3
1065 1064 1351 1133 Corsicae
1406 1064 1764 1147 extremiS,
1828 1063 2192 1131 etiamnum
2247 1057 2584 1152 angustias
2647 1080 2760 1125 eas

612 1169 1021 1237 arctantibus
1050 1168 1277 1239 insulis
1314 1170 1572 1264 parvis,
1601 1192 1747 1257 quae
1785 1151 2261 1238 Cuniculariae⁵
2291 1161 2757 1259 appellantur:

614 1260 947 1367 itemque⁶
988 1276 1384 1360 Phintonis,
1430 1289 1498 1344 et
1547 1278 1828 1343 Fossae·
1870 1299 1910 1342 a
1955 1272 2194 1367 quibus
2236 1271 2482 1340 fretum
2536 1269 2757 1363 ipsum

612 1380 917 1474 Taphros
953 1384 1354 1450 nominatur.
1396 1370 1562 1474 (vn.
1583 1374 1610 1471 )
1653 1380 1956 1450 Sardinia
2012 1378 2096 1448 31)
2151 1376 2444 1448 oriente⁷
2443 1388 2760 1506 patens,

614 1509 959 1557 chxan
1024 1486 1225 1557 millia
1261 1509 1632 1583 passuum·
1615 1488 1754 1555 31)
1801 1485 2174 1573 occidente,
2209 1507 2426 1554 cmxxv
2443 1468 2758 1551 ¹'millitu

616 1640 997 1694 amoenissimus
1035 1653 1153 1693 est:
1182 1639 1391 1712 Virgilii
1427 1657 1643 1712 quoque

614 1716 887 1771 cineribus
905 1718 1153 1793 inclytus.
1172 1718 1359 1773 Ham).

687 1797 773 1850 33.
800 1802 1049 1867 Megaris.[
1060 1797 1298 1873 Μεγαρὶς,
1322 1817 1466 1853 nunc
1483 1802 1651 1851 castet

616 1880 739 1929 dell'
755 1882 876 1929 0⁹0.
902 1876 1081 1931 Hnm.

691 1956 776 2021 34.
830 1962 1051 2025 (ἔαρι-σεε.
1103 1959 1388 2030 Eleganter
1446 1956 1646 2010 descri-

617 2034 819 2088 buntur
832 2055 863 2089 a
882 2037 1068 2092 Tacito
1084 2040 1282 2101 Annal,
1298 2038 1390 2090 lib.
1409 2036 1510 2103 IV,
1527 2055 1644 2107 cap.

619 2118 707 2182 67,
732 2116 825 2186 qui
862 2116 1081 2187 quidem
1108 2118 1300 2171 rectius
1337 2134 1498 2188 quam
1536 2114 1644 2169 No·

619 2206 753 2255 ster,
776 2192 912 2247 hanc
936 2194 1163 2249 insulam
1194 2220 1216 2243 ιι
1240 2196 1400 2251 trium
1418 2195 1645 2247 millium

620 2271 756 2324 freto
792 2274 862 2325 ab
909 2274 1155 2327 extremis
1184 2274 1477 2330 Surrentini
1515 2293 1644 2346 pro·

619 2352 867 2404 montorii
884 2352 983 2425 disj
992 2367 1231 2407 unctam»
1240 2353 1472 2408 ait.Vide
1485 2355 1644 2407 etiam

618 2430 833 2483 Sueton.
853 2432 910 2483 in
930 2432 1169 2500 Tiberin,
1197 2452 1314 2507 cap.
1340 2452 1427 2500 κι,
1451 2448 1505 2485 et
1522 2434 1647 2485 Dio·

619 2527 745 2561 nem
764 2550 779 2575 ,
798 2508 891 2562 lib.
918 2510 1053 2575 LII,
1087 2531 1144 2584 p.
1176 2514 1295 2582 495.
1322 2514 1480 2565 Nunc
1501 2515 1649 2583 Capri

620 2599 856 2643 vocatur.
884 2588 981 2643 En.

695 2667 782 2719 35.
812 2672 894 2719 XI
916 2672 1121 2721 millium
1140 2708 1156 2729 ,
1192 2682 1293 2724 etc.
1333 2668 1475 2723 Male
1494 2670 1642 2725 MSS.

620 2748 752 2818 Reg.
774 2760 829 2799 et
854 2747 1019 2801 editio
1038 2751 1283 2823 princeps
1300 2750 1539 2821 aliaeque,
1564 2762 1641 2803 at·

619 2844 726 2898 que
744 2826 905 2881 etiam
934 2828 1267 2894 Harduinus,
1285 2835 1379 2880 LX
1395 2836 1471 2882 Μ.
1491 2830 1644 2901 Opti·

620 2924 708 2957 me
742 2908 1044 2960 emendavit
1078 2909 1162 2961 Cl.
1196 2908 1546 2973 Rezzonicus,
1569 2916 1650 2962 XI

620 2990 696 3037 M.
742 3004 980 3039 errorem
1031 3000 1361 3042 monstrante
1406 2988 1646 3060 Josepho

618 3062 787 3116 Maria
831 3065 1107 3135 Secundo,
1143 3065 1469 3139 Caprearfim
1513 3088 1644 3139 pre-

621 3142 760 3195 fecto
776 3181 791 3205 ,
814 3142 871 3196 in
911 3144 1117 3199 erudita
1137 3147 1318 3201 insulae
1346 3146 1646 3219 descriptio-

620 3242 706 3275 ne.
732 3224 903 3276 Baor.

692 3300 848 3355 1111.
898 3321 940 3355 1.
982 3308 1131 3355 Mox.
1176 3302 1311 3355 Sunt
1351 3303 1447 3376 qui
1501 3306 1642 3359 hanc

618 3400 807 3435 vocem
828 3402 935 3434 non
961 3382 1157 3453 legant.
1179 3382 1314 3435 Du..

695 3479 743 3512 3.
768 3465 1056 3514 Leucothea.
1086 3462 1332 3518 Meminit
1350 3461 1516 3535 hujus
1529 3466 1644 3518 Me·

616 3538 685 3601 la,
724 3539 811 3591 lib.
862 3541 949 3606 11,
978 3560 1096 3613 cap.
1121 3559 1153 3611 7
1178 3562 1194 3608 ;
1228 3541 1321 3595 sed
1356 3542 1411 3594 in
1437 3545 1642 3617 mappis

616 3636 727 3671 non
750 3620 1033 3689 reperitur.
1058 3622 1161 3673 En.

690 3696 740 3749 3.
770 3702 1039 3766 Eur-aque
1058 3716 1381 3769 conspectum.
1406 3702 1525 3754 vet.
1547 3721 1634 3774 ap.

614 3774 795 3828 Dalec.
816 3788 869 3828 et
884 3776 1062 3830 chiffl.
1086 3794 1232 3830 extra
1254 3799 1415 3847 quem.
1438 3780 1547 3833 En.
1567 3812 1639 3823 —

612 3855 701 3909 Sic
726 3855 783 3905 in
810 3855 976 3908 altum
1004 3856 1287 3925 recedens,
1314 3870 1375 3910 ut
1411 3879 1439 3912 a
1469 3860 1637 3913 eonti-

610 3944 772 3987 nente
797 3933 1025 4007 prospici
1044 3953 1151 3986 non
1172 3937 1359 4006 possit,
1380 3937 1477 3991 nisi
1498 3958 1636 4011 aegre

610 4011 924 4065 admodum.
942 4011 1166 4080 Strabo,
1186 4014 1279 4067 lib.
1310 4016 1381 4082 V,
1403 4037 1457 4089 p.
1487 4020 1588 4072 333
1617 4038 1631 4071 2

1731 1640 1874 1710 ῥωθεν
1894 1640 1979 1710 μὲν
1998 1638 2081 1691 καὶ
2111 1638 2292 1711 μα’λιςὴ
2314 1633 2548 1707 Σαρὸὼν,
2567 1637 2762 1708 {Tru-ri-

1732 1738 1796 1789 ρα.
1816 1716 1918 1777 δ’ὁ-ἡ
1933 1722 2108 1790 Κύρνος
2124 1757 2140 1783 ,
2165 1728 2264 1771 etc.
2292 1716 2474 1769 Ηιιιι).

1805 1806 1858 1863 4.
1885 1804 2048 1859 Μίηα,ς
2069 1813 2199 1853 octo.
2225 1794 2381 1868 Apud
2394 1792 2582 1848 Chiffl.
2599 1798 2760 1845 minus

1731 1898 1920 1931 novem.
1945 1878 2048 1929 En.
2074 1908 2145 1918 —-
2167 1878 2268 1928 «In
2292 1888 2484 1928 octavo
2509 1873 2760 1925 milliario

1728 1976 1764 2025 a
1814 1958 2035 2010 Corsica
2082 1954 2323 2011 Sardinia
2365 1966 2473 2019 est,
2505 1980 2532 1999 a
2581 1951 2762 2025 inquit

1731 2038 2026 2091 Martianus
2044 2075 2061 2102 ‚
2089 2037 2182 2089 lib.
2207 2036 2311 2099 VI,
2341 2054 2456 2107 pag.
2496 2052 2620 2109 ²⁰7·
2645 2032 2760 2084 Sta·

1729 2114 1940 2169 diorum
1967 2116 2078 2169 fere
2097 2136 2166 2169 Lx
2184 2114 2524 2169 intervallum
2545 2131 2662 2165 esse
2685 2111 2762 2164 ait

1730 2196 1943 2263 Strabo,
1982 2196 2078 2248 lib.
2112 2196 2184 2260 V,
2205 2213 2327 2267 pag.
2362 2194 2496 2259 333,
2517 2193 2628 2245 hoc
2651 2203 2760 2257 est,

1729 2294 1814 2327 vn
1831 2294 1896 2329 nr.
1919 2296 1974 2328 n.
2002 2292 2140 2346 pass.
2172 2274 2354 2326 lium.
2383 2303 2456 2313 —-
2482 2273 2592 2326 Vix
2621 2292 2657 2323 v
2687 2288 2754 2323 ι.

1729 2374 1865 2425 pass.
1891 2366 1970 2407 est
1989 2374 2178 2407 verum
2205 2353 2562 2407 intervallum.
2581 2352 2690 2404 En.

1803 2434 1854 2487 5.
1877 2436 2214 2486 Cunicularioe.
2241 2431 2416 2489 Hodie
2442 2432 2559 2485 sine
2585 2430 2761 2483 nomi·

1730 2530 1820 2575 ne,
1847 2513 2100 2585 scopulis,
2118 2531 2284 2585 quam
2311 2512 2519 2573 insulis,
2545 2507 2760 2583 propio-

1727 2608 1831 2645 res.
1870 2591 2050 2645 Hnm.

1801 2674 1855 2722 6.
1875 2676 2112 2739 Itemque.
2143 2670 2210 2723 Id
2229 2682 2306 2723 est
2329 2687 2344 2721 :
2368 2668 2640 2739 Angustia
2655 2666 2762 2719 ine

1729 2761 1998 2801 arctantur
2018 2788 2033 2815 ,
2059 2768 2168 2802 non
2204 2746 2367 2801 modo
2401 2746 2761 2800 Cuniculariis

1729 2828 1944 2892 insulis,
1980 2828 2073 2881 sed
2099 2829 2184 2880 illa
2209 2829 2367 2879 etiam
2393 2826 2566 2879 insula
2583 2864 2598 2887 ,
2635 2844 2759 2897 que

1729 2907 2006 2960 Phintonis
2023 2911 2043 2977 (
2060 2907 2368 2971 PtolemaeO,
2389 2904 2485 2957 lib.
2507 2904 2624 2967 111,
2639 2923 2758 2975 cap.

1731 2986 1789 3053 3,
1815 2989 2044 3048 Φίντωνος
2072 2994 2206 3049 νῆσος
2223 2992 2265 3054 ),
2307 2997 2360 3039 et
2391 2983 2474 3037 his
2513 3002 2634 3056 que
2658 2984 2760 3037 Τά·

1729 3087 1860 3138 φρος,
1889 3088 1983 3122 seu
2000 3067 2172 3121 Fossae
2189 3077 2473 3123 vocantur.
2488 3063 2588 3115 Illa
2609 3083 2758 3117 nunc

1730 3152 1864 3199 Isola
1908 3150 1962 3197 di
1992 3150 2116 3215 Figo
2147 3167 2165 3197 .·
2193 3145 2356 3197 altera
2401 3146 2540 3195 Isola
2561 3147 2722 3194 Rossa
2738 3182 2756 3206 ‚

1729 3225 2006 3291 Cluverio,
2046 3226 2136 3277 lib.
2168 3222 2236 3277 de
2257 3222 2473 3277 Corsica
2501 3222 2722 3292 antiqua
2739 3258 2757 3283 ,

1726 3324 1850 3376 pag.
1884 3304 2002 3358 503.
2031 3304 2219 3359 Huni.
2242 3334 2313 3344 —
2336 3305 2440 3354 Aut
2461 3301 2665 3374 potius,
2691 3314 2757 3354 ut

1725 3385 1841 3437 vult
1884 3384 2221 3449 Mannertus,
2251 3387 2464 3451 Caprera
2501 3393 2554 3433 et
2595 3386 2756 3433 santa

1729 3467 2040 3517 Maddalena
2052 3502 2067 3529 ,
2087 3476 2236 3517 extra
2263 3462 2477 3523 fretum,
2493 3461 2758 3514 orientem

1726 3544 1866 3597 inter
1892 3555 1945 3595 et
1974 3553 2234 3597 austrum.
2258 3541 2377 3593 Vet.
2399 3540 2545 3613 apud
2573 3540 2754 3593 Dalec.

1725 3624 1959 3673 phitonis.
1995 3620 2170 3674 Tolet.
2193 3622 2433 3672 Pineom's.
2453 3620 2556 3671 En.

1797 3722 1849 3773 7.
1878 3702 1954 3752 Ab
2002 3703 2204 3752 oriente.
2255 3700 2446 3751 Latere
2488 3696 2754 3750 orientali.

1727 3778 1853 3835 Haeo
1885 3780 2182 3833 Martianus
2202 3777 2392 3830 iisdem
2413 3778 2626 3839 verbis,
2659 3775 2754 3828 lib.

1725 3860 1806 3911 VI
1823 3900 1837 3925 ,
1865 3879 1979 3931 cap.
2002 3857 2070 3911 de
2099 3856 2311 3910 sardin.
2347 3875 2466 3929 pag.
2499 3876 2623 3927 ²07·
2643 3856 2716 3909 H.

1797 3940 1849 3993 8.
1873 3942 2111 3991 CLXXV.
2137 3936 2226 3989 Sic
2258 3934 2405 4006 apud
2441 3934 2680 3988 chifflet.
2701 3947 2756 3987 et

1725 4019 1899 4073 Tolet.
1927 4018 2112 4070 Dalec.
2142 4028 2194 4067 et
2215 4015 2395 4067 Elzev.
2420 4018 2616 4068 CLXX.
2649 4014 2752 4067 Alii

614 4092 980 4147 Κατοπτιύιται
1000 4090 1053 4143 δ’
1076 4093 1173 4145 ἀπὸ
1202 4098 1284 4152 τῆς
1306 4096 1490 4157 πόλεως
1516 4099 1632 4172 πόῤ-
1722 4117 1808 4170 ap.
1837 4098 2016 4153 Dalec.
2047 4097 2294 4148 CLXXII.
2319 4093 2427 4146 En.
