2950 5017
571 467 725 557 648

572 707 791 777 tradit.

1133 473 1213 541 C.
1253 469 1579 540 PLINII
1633 469 1843 540 NAT.
1897 473 2150 541 HIST.

572 601 844 671 duntur.
904 600 1361 672 Artemidorus
1430 603 1604 671 inter
1659 600 1826 672 duos
1877 627 2104 674 amnes
2167 625 2290 670 xxi

2171 587 2360 634 *⁴⁶
2393 602 2710 674 interesse

680 815 942 884 XXIII.
970 802 1165 906 (xx.)
1188 813 1430 885 Indus¹
1458 812 1692 884 incolis
1725 813 1965 884 Sindus
2009 813 2415 911 appellatus,
2449 817 2522 886 in
2547 819 2708 911 jugo

574 922 857 990 Caucasi
884 923 1163 1008 montis,
1182 921 1361 1051 qupd
1388 935 1667 991 vocatur
1683 923 2149 1016 Paropamisus
2163 974 2184 1009 ‚
2216 921 2538 992 adversus
2555 920 2708 992 solis

568 1041 789 1095 ortum
845 1025 1132 1114 effusus,
1178 1025 1285 1095 et²
1341 1029 1482 1121 ipse
1522 1027 1938 1122 undeviginti
1987 1029 2222 1123 recipit
2267 1052 2521 1098 amnes.
2577 1027 2706 1097 sed

566 1131 998 1220 clarissimos,
1031 1132 1455 1228 Hydaspem,
1488 1148 1774 1226 quatuor
1805 1131 1967 1202 alios
1999 1133 2432 1204 afferentem:
2459 1137 2704 1204 canta·

564 1238 787 1328 laram,
816 1253 969 1308 tres.
1004 1242 1133 1308 Per
1171 1264 1241 1308 se
1268 1263 1432 1308 vero
1466 1237 1871 1334 navigabiles
1905 1225 2296 1309 Acesinem³
2308 1292 2329 1326 ‚
2333 1254 2433 1309 'et
2442 1243 2702 1376 Hypa-

566 1346 721 1414 sin.
766 1344 1055 1439 quadam
1096 1359 1319 1414 tamen
1358 1369 1680 1440 aquarum
1735 1345 2058 1416 modestia
2097 1331 2469 1440 nusquam⁴
2513 1343 2705 1416 latior

562 1453 1041 1546 quinquaginta
1078 1451 1338 1540 stadiis,
1370 1466 1489 1520 aut
1535 1449 1730 1521 altior
1774 1475 1873 1521 xv
1912 1475 2180 1547 passus.
2227 1451 2702 1546 amplissimam

558 1556 841 1628 insulam
880 1557 1206 1647 efficiens,
1236 1583 1386 1652 quae
1420 1542 1770 1632 Prasiane⁵
1797 1559 2219 1636 nominatur:
2257 1571 2324 1626 et
2357 1557 2560 1628 aliam
2583 1559 2698 1628 mi·

642 1703 914 1780 .56.2i'—.1is‘1¹
942 1715 1059 1767 Hoc
1086 1728 1195 1780 est,
1228 1713 1388 1767 semel
1422 1726 1474 1774 et
1501 1714 1583 1767 vi·

556 1793 663 1846 cies
677 1807 901 1847 centena
917 1793 1083 1846 millia
1101 1811 1238 1864 pass.
1253 1794 1427 1852 Etiam
1446 1794 1587 1848 ultra

557 1873 735 1927 tricies
758 1887 983 1926 centena
1009 1872 1174 1926 millia
1200 1873 1308 1927 hoc
1334 1874 1584 1926 interval-

554 1951 671 2003 lum
718 1952 1012 2016 Theodosii
1046 1953 1199 2006 Missi
1240 1951 1583 2024 producunt,

558 2031 757 2107 aliique
794 2031 863 2086 de
888 2031 1083 2107 quibus
1114 2051 1229 2105 cap.
1262 2050 1368 2104 seq.
1398 2031 1583 2092 Ham).

562 2111 844 2172 ——Dalec.
867 2111 1114 2164 XXIM.
1136 2129 1270 2184 pass.
1299 2112 1403 2176 En.

645 2189 1329 2254 XXIII-1.IncolisSindus.
1354 2191 1583 2261 ItaReg.

568 2289 594 2323 1
618 2305 636 2331 ‚
672 2289 700 2322 3
716 2311 735 2342 ,
766 2271 921 2324 colb.
957 2288 1017 2334 1,
1050 2288 1077 2323 3
1100 2307 1117 2337 ,
1147 2271 1313 2324 Paris.
1344 2269 1582 2324 Chifflet.

550 2353 623 2403 At
640 2347 1008 2415 editi,Sandus.
1025 2348 1201 2415 Forte,
1213 2348 1429 2414 Sinthus.
1442 2349 1582 2403 Nam

550 2441 743 2484 auctor
791 2429 992 2500 Peripli
1043 2428 1203 2481 maris
1256 2429 1523 2500 Erythrai
1563 2447 1579 2483 :

549 2511 741 2576 Σίνβος,
763 2507 969 2580 inquit,
992 2509 1192 2580 μίγιςρς
1216 2515 1311 2560 τῶν
1332 2507 1466 2560 κατὰ
1489 2508 1576 2564 τὴν

549 2587 741 2660 ἐρυθρὰν
769 2590 1023 2642 θάλασσαν
1050 2595 1293 2658 ποταμῶν
1300 2627 1313 2640 .
1340 2587 1524 2640 Hui).

634 2686 687 2720 3.
716 2667 831 2720 Et·
812 2686 928 2736 ipse.
945 2666 1043 2730 Uti
1066 2665 1135 2720 de
1158 2663 1344 2738 Gange
1371 2664 1576 2723 dietum

546 2758 655 2812 est,
682 2765 801 2818 cap.
828 2764 947 2816 sup.
973 2747 1158 2810 Ηιιιι).

630 2825 687 2880 3.
716 2830 868 2880 Acesi
866 2845 1008 2878 nene
982 2837 1030 2876 et
1060 2825 1304 2898 Hypasin.
1338 2815 1514 2878 Ᾰιιισῖν
1491 2845 1574 2886 vn<

543 2905 809 2998 Arriano,
832 2903 1036 2977 Exped.
1067 2904 1218 2957 Alex.
1247 2903 1343 2956 lib.
1374 2904 1486 2971 VI,
1515 2923 1571 2975 p.

544 2983 660 3046 386
678 3024 693 3052 ‚
720 2986 777 3036 in
796 2983 1108 3057 ·Hydaspen
1136 2981 1349 3036 influit:
1382 2983 1440 3035 in
1478 2984 1572 3037 Ιιι-

540 3063 673 3122 dum
702 3062 999 3140 Hydaspes.
1026 3064 1109 3128 De
1138 3061 1339 3134 Hypasi
1368 3059 1571 3116 dictum

538 3156 619 3199 est
662 3163 782 3215 sup.
824 3161 939 3214 cap.
985 3143 1057 3195 Et
1094 3141 1185 3194 hic
1230 3141 1360 3205 alter
1396 3142 1572 3196 Curtii

538 3241 692 3286 error
711 3263 728 3287 ,
766 3223 861 3294 qui
891 3221 986 3280 lib.
1018 3221 1188 3286 vm,
1215 3239 1331 3291 cap.
1378 3223 1448 3275 38
1467 3260 1483 3286 ,
1509 3241 1567 3293 p.

540 3301 655 3371 3²9
674 3341 691 3368 ,
711 3302 766 3366 in
791 3301 1029 3372 Gangem
1049 3300 1158 3353 labi
1181 3299 1440 3352 Acesinen
1464 3313 1570 3355 tra-

533 3379 647 3443 dit,
676 3381 877 3434 ceteris
904 3381 1060 3452 plane
1080 3380 1330 3433 omnibus
1348 3379 1568 3450 scripto-

530 3461 682 3515 ribus
707 3461 924 3524 vetustis
946 3457 1395 3512 dissentientibus.
1422 3459 1564 3512 Nam

530 3552 727 3611 praeter
750 3540 1036 3592 Arrianmn
1066 3557 1099 3591 a
1124 3538 1280 3591 nobis
1307 3541 1416 3607 jam
1443 3538 1560 3592 lau-

528 3617 712 3672 datum
731 3659 748 3683 ,
782 3619 968 3672 Festus
998 3616 1238 3670 Avienus
1270 3617 1328 3670 in
1360 3615 1561 3671 descri-

525 3698 713 3769 ptione
762 3698 908 3752 orbis
927 3735 941 3761 ,
988 3713 1125 3750 vers.
1170 3693 1314 3751 ‘1352
1347 3713 1361 3748 ε
1411 3723 1434 3744 ι
1464 3697 1560 3752 ubi

524 3794 749 3848 magnus
766 3777 945 3830 sorbet
968 3775 1241 3848 Hydaspes
1269 3775 1555 3847 Delapsum

522 3873 727 3909 summa
755 3875 998 3909 saxorum
1031 3857 1174 3908 mole
1200 3855 1496 3909 Acesinem.
1522 3881 1545 3904 ι

521 3934 711 3989 Deiabi
754 3953 880 3987 vero
915 3935 970 3987 in
1004 3934 1201 3989 Indum
1244 3933 1550 4008 Hydaspem

520 4013 739 4076 Curtius
766 4013 877 4084 ipse
901 4013 1161 4088 prodidit.
1192 4016 1377 4068 Ham).

603 4101 656 4172 4.
691 4095 942 4165 Nusquam
974 4093 1138 4148 latior.
1176 4095 1381 4150 Contra
1423 4094 1546 4150 Cte-

1674 1711 1776 1766 sias
1803 1713 1859 1766 in
1898 1710 2130 1778 Indicis,
2167 1710 2313 1784 apud
2349 1713 2610 1768 Photium
2645 1712 2700 1766 in

1672 1793 1813 1846 Bibi.
1843 1791 1962 1846 cod.
1993 1791 2101 1862 73,
2131 1809 2252 1864 pag.
2302 1799 2452 1856 144,
2493 1811 2700 1846 amnem

1673 1871 1779 1936 ait,
1816 1888 1922 1943 qua
1955 1883 2108 1943 parte
2145 1869 2550 1942 angustissimus
2587 1885 2694 1929 est.

1670 1961 1854 2021 patere
1895 1948 2064 2010 stadia
2101 1970 2332 2023 11.,qua
2369 1969 2425 2003 se
2451 1951 2700 2004 latissime

1671 2027 1960 2096 diffundit,
1981 1991 2245 2084 ducena·
2230 2071 2244 2082 .
2277 2051 2335 2084 το
2359 2026 2421 2082 δὲ
2449 2033 2698 2085 πλατύτε-

1673 2128 1786 2178 ρον,
1829 2109 1914 2164 καὶ
1968 2105 2254 2164 διακοσίων.
2308 2109 2496 2164 Stadia
2533 2128 2694 2182 porro

1674 2185 1902 2246 ducenta
1919 2221 1936 2250 ,
1962 2202 2088 2242 sunt
2111 2188 2276 2242 millia
2301 2208 2438 2261 pass.
2469 2207 2556 2243 xn
2577 2208 2694 2242 oum

1671 2268 1974 2340 quingentis
1998 2286 2130 2340 pass.
2161 2269 2347 2322 Hun.

1754 2347 1806 2400 5.
1830 2348 2083 2400 Prusiam.
2100 2348 2146 2399 A
2166 2347 2358 2400 Prasiis
2377 2345 2506 2401 Indi
2525 2348 2693 2402 amnis

1665 2426 1888 2493 accolis,
1919 2445 2150 2498 quorum
2203 2425 2426 2480 ditionis
2457 2445 2522 2480 ea
2560 2427 2692 2491 fuit,

1663 2523 1862 2558 nomen
1889 2506 2109 2559 invenit.
2136 2504 2262 2558 Hac
2285 2507 2377 2559 illa
2409 2508 2564 2578 regio
2590 2520 2692 2572 est,

1663 2601 1822 2654 quam
1866 2585 2070 2638 vil-idem
2109 2586 2393 2655 AEgyptum
2433 2585 2692 2657 Virgilius

1660 2664 1925 2736 appellat,
1958 2665 2054 2718 illo
2093 2664 2508 2718 celebratissimo
2543 2667 2691 2730 loeo,

1662 2741 1756 2811 qui
1770 2744 2088 2813 interpretes
2101 2743 2357 2798 hactenus
2373 2745 2511 2797 mire
2522 2745 2689 2811 torsit,

1661 2821 1856 2894 Geor-3.
1876 2823 1974 2876 lib.
1991 2823 2091 2889 IV,
2109 2841 2188 2875 vs.
2216 2824 2360 2894 287:
2384 2825 2564 2878 «Nam
2588 2843 2691 2896 qua

1659 2899 1840 2964 Pellaei
1874 2920 2004 2973 gens
2037 2901 2304 2955 fortunata
2341 2903 2554 2975 Canopi
2582 2904 2684 2955 Ae·

1656 2980 1787 3034 colit
1847 2981 2018 3036 effuso
2060 2993 2402 3074 stagnantem
2465 2983 2684 3038 flumine

1656 3057 1877 3128 Nilum,
1918 3061 1989 3114 Et
2027 3059 2228 3114 circum
2262 3061 2429 3132 pictis
2471 3063 2687 3116 vehitur

1653 3156 1746 3192 sua
1777 3159 1902 3194 rura
1929 3140 2193 3232 phaselis:
2223 3139 2464 3232 Quaque
2487 3142 2684 3212 phare-

1652 3230 1802 3272 tratae
1847 3219 2045 3273 vicinia
2094 3216 2324 3272 Persidis
2371 3233 2568 3290 urget,
2616 3221 2685 3273 Et

1651 3296 1880 3353 viridem
1920 3301 2209 3370 AEgyptum
2244 3299 2398 3370 nigra
2430 3298 2684 3354 fecundat

1649 3395 1806 3430 arena
1827 3416 1844 3444 ,
1889 3377 1958 3430 Et
1994 3375 2213 3430 diversa
2259 3395 2422 3432 ruens
2477 3393 2680 3450 septem

1649 3455 1901 3510 discurrit
1937 3456 1995 3509 in
2035 3475 2131 3510 ora
2153 3493 2172 3520 ‚
2207 3457 2394 3528 Usque
2431 3457 2682 3512 coloratis

1648 3537 1821 3589 amnis
1843 3534 2072 3593 devexus
2094 3535 2163 3588 ab
2189 3533 2342 3588 Indis
2365 3556 2380 3588 τ
2409 3533 2606 3592 Omnis
2621 3540 2680 3591 in

1646 3614 1748 3668 hac
1762 3629 1958 3669 certam
1971 3615 2118 3685 regio
2126 3615 2255 3686 jacit
2267 3629 2379 3669 arte
2391 3616 2636 3671 salntem.
2648 3642 2670 3665 ι

1644 3695 1770 3749 Νοιι
1813 3707 1938 3748 sunt
1981 3692 2239 3748 audiendi
2283 3695 2530 3768 pmfecto
2567 3697 2678 3759 ini,

1644 3775 1739 3846 qui
1757 3792 1914 3828 unam
1929 3773 2018 3827 hie
2035 3773 2383 3846 eamdemque
2399 3775 2674 3848 regionem

1643 3853 1881 3928 AEgypti,
1901 3871 2058 3925 quam
2075 3855 2227 3907 Delta
2240 3867 2456 3923 vocant,
2471 3869 2672 3927 septem

1641 3931 1770 4006 ipsis
1796 3935 2034 3988 versibus
2069 3931 2298 3988 describi
2322 3952 2352 3986 a
2385 3947 2508 3989 vate
2531 3933 2670 3987 hand

1640 4025 1784 4067 certe
1796 4013 2021 4084 loquace
2035 4013 2354 4077 existimant,
2373 4027 2426 4067 et
2443 4014 2668 4068 vicinam

1639 4091 1688 4145 ei
1725 4091 1994 4148 Persidem
2037 4091 2144 4147 dici
2194 4111 2208 4146 :
2265 4093 2558 4165 Nilumque
2583 4111 2667 4150 ⁸0-
