2950 5017
589 449 745 538 644

1122 453 1199 519 C.
1256 447 1604 518 PLINII
1659 447 1884 518 NAT.
1941 451 2198 520 HIST.

584 597 883 654 vocatur.
920 579 1119 676 Regi⁷
1160 607 1251 651 Lx
1285 581 1443 650 mill.
1488 581 1817 677 peditum,
1852 584 2104 676 equites
2145 581 2358 670 mille,
2399 581 2730 679 elephanti

584 713 720 759 ncc
752 691 820 758 in
866 691 1214 783 procinctu
1246 685 1573 757 bellorum
1608 687 1958 757 excubant.

690 780 1037 890 Namque⁸
1064 797 1200 863 vita
1224 793 1599 863 mitioribus
1637 793 1896 888 populis
1937 793 2263 863 Indorum
2289 793 2731 891 multipartita

582 901 867 994 degitur.
911 898 1038 970 Alii
1087 898 1391 970 tellurem
1436 914 1783 986 exercent,
1825 897 2126 969 militiam
2170 899 2278 969 alii
2339 917 2726 996 capessunt,

581 1031 836 1077 merces
862 1005 969 1076 alii
989 1031 1139 1076 suas
1167 1005 1498 1075 evehunt⁹
1525 1031 1542 1074 t
1586 1031 1692 1074 res
1719 1004 2018 1100 publicas
2039 1008 2274 1101 optimi
2302 1006 2732 1102 ditissimique

582 1127 985 1208 temperant,
1024 1111 1273 1205 judicia
1328 1111 1651 1199 reddunt,
1701 1111 1968 1207 regibus
2027 1111 2343 1182 assident.
2396 1114 2726 1202 Quintum

581 1243 790 1313 genus
834 1216 1180 1288 celebratae
1226 1216 1388 1305 illic,
1434 1233 1505 1287 et
1545 1243 1756 1312 prope
1806 1219 1876 1287 in
1925 1215 2316 1312 religionem
2362 1242 2580 1288 versae
2625 1245 2730 1289 sa-

580 1325 844 1419 pientiae
870 1323 1199 1406 deditum,
1226 1322 1605 1392 voluntaria
1637 1347 1902 1417 semper
1923 1338 2142 1392 morte
2158 1325 2365 1393 vitam
2383 1323 2726 1394 accenso¹⁰

510 1445 542 1498 3
578 1431 763 1524 prius
817 1454 983 1524 rogo
1038 1429 1201 1498 finit.
1242 1431 1474 1498 Unum
1502 1427 1548 1454 ¹¹
1609 1454 1811 1525 super
1857 1430 2000 1498 haec
2049 1444 2158 1498 est
2219 1429 2607 1499 semiferum
2649 1455 2728 1500 ac

578 1535 849 1630 plenum
873 1534 1117 1604 laboris
1146 1536 1481 1622 immensi,
1511 1533 1640 1604 et¹²
1667 1560 1802 1630 quo
1831 1558 2034 1630 supra
2056 1535 2236 1603 dicta
2265 1537 2728 1621 continentur,

577 1641 864 1710 venandi
901 1640 1284 1735 elephantes
1313 1640 1778 1734 domandique.
1806 1642 1899 1710 Iis
1928 1655 2152 1727 arant,
2185 1641 2267 1709 iis
2303 1628 2728 1724 vehuntur-¹³,

577 1747 723 1816 haec
768 1748 1055 1816 maxime
1098 1771 1347 1816 novere
1393 1748 1747 1841 pecuaria:
1779 1748 1860 1816 iis
1911 1746 2230 1831 militant,
2277 1745 2728 1842 dimicantque

577 1878 703 1948 pro
754 1852 1015 1922 finibus.
1066 1839 1482 1923 Delectum¹⁴

577 1957 970 2052 magnitudo
1010 1957 1280 2027 faciunt.

1530 1853 1600 1920 in
1654 1849 1854 1940 bella,
1904 1854 2114 1938 vires,
2163 1866 2233 1920 et
2278 1866 2471 1940 aetas,
2529 1868 2728 1948 atque

688 2063 914 2134 Insula
935 2049 983 2088 ¹⁵
1033 2065 1101 2132 in
1137 2067 1386 2160 Gange
1439 2079 1540 2133 est
1590 2047 1913 2158 magnae¹⁶
1962 2059 2415 2157 amplitudinis
2457 2080 2726 2158 gentem

658 2335 713 2386 7.
748 2315 876 2386 Regi
908 2313 1019 2366 LX
1048 2313 1167 2366 mill.
1196 2315 1277 2368 Ita
1304 2312 1455 2367 MSS.
1487 2331 1606 2366 om-

577 2414 673 2448 nes
698 2408 751 2448 et
776 2393 988 2447 Solinus
1011 2431 1028 2458 ,
1078 2393 1171 2464 qui
1226 2394 1344 2446 haec
1384 2391 1610 2447 totidem

578 2474 832 2546 deinceps
878 2473 1051 2526 verbis
1087 2471 1252 2526 refert
1273 2512 1289 2537 ,
1334 2491 1449 2544 cap.
1489 2489 1574 2525 nx
1593 2510 1611 2538 ,

576 2572 700 2626 pag.
728 2555 824 2624 78.
846 2551 1022 2616 Editi,
1052 2571 1155 2605 Lxx
1183 2550 1316 2604 mill.
1342 2549 1523 2604 Han,

662 2637 715 2689 8.
738 2634 962 2705 Namque
982 2634 1106 2683 vitu.
1126 2631 1368 2697 Solinus,
1384 2629 1489 2684 loc.
1513 2629 1604 2682 cit.

582 2711 843 2784 Apuleius
858 2749 875 2778 ,
914 2709 1115 2762 Floria.
1154 2711 1246 2763 lib.
1282 2709 1311 2762 1
1327 2750 1343 2774 ,
1382 2728 1504 2782 pag.
1539 2728 1570 2780 7
1591 2728 1609 2774 3

580 2790 855 2845 Diodorus
875 2831 892 2854 ‚
922 2790 1061 2843 Bihl.
1082 2789 1183 2843 uh.
1204 2791 1279 2842 11.
1303 2789 1370 2841 In
1405 2801 1610 2860 septem

580 2871 803 2925 omnino
832 2887 1024 2941 genera
1044 2869 1327 2922 hominum
1356 2867 1615 2922 describit

582 2970 645 3004 ac
668 2949 867 3022 digerit
881 2949 1135 3002 Arrianus
1152 2948 1210 3000 in
1234 2945 1464 3012 Indicis,
1485 2965 1607 3018 pag.

586 3031 717 3094 530,
736 3049 784 3083 1.
798 3028 1169 3099 Sophistarnm
1191 3046 1254 3080 ac
1274 3028 1608 3098 Sapientnm3

584 3131 639 3164 α.
681 3108 1083 3180 Agricolamm3
1142 3109 1196 3160 3.
1240 3105 1612 3160 Armentario-

533 3199 735 3264 ,ωιτη
754 3195 806 3251 4.
822 3185 1093 3259 Opificum
1109 3199 1161 3239 et
1178 3186 1231 3238 N
1232 3185 1581 3257 egotiatorum
1596 3205 1614 3252 3

590 3267 643 3322 5.
666 3265 1038 3331 Militantium;
1060 3269 1115 3319 6.
1136 3266 1535 3335 Inspectorum3
1557 3282 1611 3335 7.

588 3349 927 3402 Senatorum.
962 3344 1161 3399 Eadem
1194 3343 1358 3396 habet
1385 3343 1577 3396 Strabo
1597 3383 1614 3408 ,

586 3427 683 3480 lib.
710 3425 816 3478 XV
835 3463 853 3490 ‚
890 3442 1011 3496 pag.
1038 3423 1167 3494 703.
1197 3423 1326 3475 Hac
1350 3441 1520 3495 porro
1543 3421 1614 3476 de

590 3505 891 3559 mitioribus
914 3504 1130 3575 populis
1151 3500 1485 3574 accipienda,
1519 3502 1614 3574 qui

588 3583 757 3639 vitam
791 3581 947 3637 bonis
981 3582 1183 3636 artibus
1229 3582 1492 3635 excultam
1523 3581 1618 3634 de-

588 3676 743 3734 gunt.
786 3663 867 3716 De
904 3661 1151 3715 semifero
1188 3679 1382 3733 genere
1419 3659 1614 3714 deinde

592 3741 829 3796 seorsim.
860 3741 1049 3795 Hsan.

674 3841 727 3890 9.
758 3821 984 3874 Evelmne
1015 3839 1038 3874 :
1090 3839 1162 3873 res
1204 3819 1465 3890 publicas,
1509 3832 1612 3873 etc.

590 3901 773 3953 Dalec.
787 3901 985 3952 evehunt
1000 3939 1017 3966 ,
1036 3920 1111 3953 res
1121 3911 1342 3953 externas
1359 3901 1582 3956 invehunt
1590 3919 1611 3963 ,⁸

592 3999 668 4032 res
679 3979 927 4050 publicas,
957 3991 1058 4054 etc.
1089 3981 1194 4032 En.

1695 2311 1892 2367 Indum
1914 2311 1973 2366 id
1999 2311 2182 2366 fecisse
2207 2313 2400 2366 Strabo
2411 2314 2605 2378 refert,
2631 2315 2726 2370 lib.

1694 2391 1953 2464 XV,pag.
1975 2410 2112 2463 7²⁰3
2130 2391 2390 2446 Calenum
2423 2393 2728 2464 Gymnoso-

1695 2473 1928 2545 phistam
1945 2510 1962 2537 ,
1990 2472 2212 2537 Cicero,
2251 2471 2321 2525 de
2344 2473 2526 2527 Divin.
2549 2473 2646 2526 lib.
2667 2473 2724 2538 1,

1695 2570 1847 2605 num.
1879 2557 1981 2622 47,
2017 2563 2072 2603 et
2111 2551 2402 2617 Arrianus,
2448 2553 2592 2605 libro
2615 2553 2726 2604 vn

1695 2629 1766 2684 de
1817 2627 2173 2702 Expeditione
2216 2629 2518 2684 Alexandri
2536 2673 2554 2695 ,
2603 2649 2721 2702 pag.

1700 2715 1831 2776 446.
1861 2709 2046 2760 Hau.

1787 2809 1809 2843 1
1827 2805 1851 2842 ι
1864 2827 1877 2842 .
1911 2788 2068 2841 Unum
2084 2807 2228 2859 super
2247 2789 2350 2841 hoec
2367 2803 2456 2843 est.
2476 2789 2650 2843 Tolet.
2667 2801 2722 2842 et

1701 2867 1885 2923 chiffl.
1921 2865 2076 2921 Unum
2097 2887 2240 2938 super
2261 2880 2348 2920 est.
2372 2868 2482 2921 En.

1783 2963 1868 3001 η.
1894 2947 1970 3000 Et
1994 2965 2088 3019 quo
2107 2967 2254 3018 supr-u
2281 2948 2431 3002 dictu.
2464 2948 2589 3001 Sine
2613 2963 2720 3018 quo

1697 3039 1836 3081 stare
1853 3038 2054 3080 ουτοι-ω
2063 3026 2200 3098 reip.
2217 3041 2392 3097 partes
2415 3039 2686 3098 nequeunt
2697 3041 2714 3074 :

1696 3125 1822 3159 nam
1853 3118 1907 3158 et
1943 3103 2011 3158 ad
2041 3105 2321 3171 militiam,
2359 3119 2414 3159 et
2441 3105 2508 3160 ad
2543 3117 2716 3158 vectu-

1698 3204 1845 3248 ram,
1867 3189 1922 3236 et
1959 3182 2030 3238 ad
2061 3185 2386 3250 arationem,
2412 3185 2716 3257 elephanto-

1699 3283 1822 3317 rum
1845 3282 2006 3336 opera
2025 3281 2136 3316 non
2159 3263 2322 3317 modo
2345 3265 2588 3336 perutilis
2602 3257 2716 3328 ‚sed

1699 3343 1990 3397 necessaria
2017 3355 2112 3397 est.
2139 3345 2325 3398 Hum-

1787 3425 1879 3476 13.
1928 3423 2199 3476 Vehuntur.
2242 3422 2550 3496 Dalecamp.
2595 3425 2718 3474 irwe-

1707 3503 1900 3555 huntur.
1927 3503 2035 3554 En.

1793 3601 1817 3636 1
1830 3589 1882 3646 4.
1931 3582 2182 3633 Delectant
2231 3585 2282 3632 in
2331 3581 2476 3634 bella.
2517 3578 2719 3632 Rectius

1703 3679 1862 3732 quam
1895 3665 1945 3713 in
1979 3660 2165 3728 bellua,
2199 3657 2348 3732 quod
2377 3657 2522 3731 apud
2547 3659 2716 3712 Delec-

1703 3741 1918 3812 legitur.
1949 3741 2054 3793 En.

1789 3838 1812 3873 ι
1825 3820 1881 3873 5.
1924 3820 2094 3872 Insula
2134 3822 2184 3871 iu
2241 3817 2438 3889 Gange.
2472 3814 2678 3870 Solinus
2705 3850 2722 3877 ,

1705 3900 1806 3952 loc.
1835 3899 1926 3952 cit.
1949 3899 2133 3952 Hsnn.

1793 3983 1886 4034 16.
1929 3978 2135 4048 Magna
2174 3976 2518 4048 amplitudinis.
2551 3971 2723 4026 Dulce.

680 4075 762 4112 10.
798 4060 1016 4112 Accensa
1031 4063 1171 4130 prius
1198 4079 1336 4130 rogo.
1386 4059 1620 4130 Chegam
1708 4059 1885 4130 ampla
1906 4057 2269 4129 magnitudinis.
2299 4057 2404 4110 En.
