2950 5017
407 432 559 514 414

987 430 1064 497 c,
1122 427 1440 499 PLINII
1498 428 1703 496 NAT.
1760 378 2044 496 Hls‘r.
2116 428 2131 445 ·

510 561 601 627 ΙΙ.
633 547 804 651 (111.)
831 558 934 627 Ab
963 560 1211 652 Ampsa
1259 581 1298 625 a
1331 556 1650 627 Numidia
1682 556 1849 643 est¹‚
1888 558 2323 629 Massinissae²
2361 558 2545 629 clara

403 666 672 733 nomine
693 717 713 750 ‚
773 664 1202 760 Metagonitis
1269 676 1449 731 terra
1492 687 1531 731 a
1586 665 1838 733 Graecis
1884 662 2259 758 appellata:
2306 666 2548 735 Numi-

403 758 539 839 dae⁴
581 795 742 838 vero
779 755 1160 839 Nomades⁵
1196 794 1237 837 a
1258 769 1717 863 permutandis
1745 767 2039 864 pabulis,
2078 770 2367 866 mapalia
2396 796 2551 859 sua,

403 877 535 946 hoc
601 892 701 945 est
724 861 751 901 ⁶
774 930 794 964 ,
851 875 1131 962 domus,
1193 875 1506 971 plaustris
1586 875 2153 947 circumferentes.
2234 878 2549 973 Oppida:

483 1101 558 1153 Π.
588 1119 636 1154 1.
668 1102 904 1151 Numidia
922 1114 1014 1153 ese.
1037 1100 1116 1153 Ita
1142 1099 1378 1165 Solinus,
1394 1122 1438 1154 e.

415 1198 543 1233 xxvt
557 1218 572 1243 ,
601 1198 656 1251 p.
687 1181 771 1243 48.
792 1178 1045 1232 Numidia
1060 1180 1262 1233 scilicet
1278 1198 1439 1245 nova,

411 1278 570 1331 quam
598 1260 696 1311 sub
723 1258 914 1312 African
937 1260 1154 1330 proprie
1179 1258 1334 1312 dicto
1349 1278 1444 1312 no-

413 1340 556 1391 mine
582 1339 722 1391 Mela
751 1337 1033 1399 describit,
1055 1336 1142 1389 lib.
1171 1338 1229 1402 1,
1252 1356 1442 1409 cap.7‚

411 1436 582 1490 quum
605 1415 857 1471 Numidia
876 1454 893 1478 ,
921 1417 1074 1487 cujus
1095 1416 1234 1469 Mela
1259 1417 1442 1469 memi-

411 1496 521 1562 nit,
533 1517 564 1551 a
581 1495 836 1548 Mulucha
853 1513 1011 1547 amne
1031 1494 1097 1547 ad
1119 1496 1440 1566 Ampsagam

340 1585 359 1602 ⁸
413 1594 582 1647 usque
606 1576 903 1647 pertineat:
923 1592 1085 1645 quam
1111 1573 1212 1627 sub
1237 1573 1442 1626 Mauri·

411 1656 570 1708 tanin
606 1653 943 1707 Cesariensis
986 1653 1206 1709 nomine
1241 1652 1442 1706 Plinius

413 1734 726 1806 complexus
741 1733 1017 1787 est.Verba
1027 1731 1140 1785 haic
1157 1732 1443 1805 Pomponii

415 1826 537 1866 sunt
557 1831 572 1866 :
597 1814 803 1883 «Regio
844 1830 963 1885 quai
987 1811 1232 1883 sequitur
1259 1830 1288 1865 a
1312 1830 1442 1884 pro-

415 1892 681 1946 montorio
703 1892 1003 1963 Metagonio
1021 1889 1088 1942 ad
1116 1907 1236 1943 aras
1253 1888 1442 1943 Phila-

415 1990 626 2033 norum,
641 1971 861 2043 proprie
871 1988 1068 2023 nomen
1079 1970 1273 2023 Africo
1287 1988 1444 2022 usur-

411 2064 524 2125 pat.
549 2052 614 2103 In
641 2042 704 2103 ea
727 2061 852 2102 suut
885 2048 1110 2121 oppida,
1139 2048 1323 2121 Hippo
1344 2051 1444 2102 Re-

414 2132 558 2203 gius,
584 2141 636 2183 et
661 2126 953 2193 Rusicade,
977 2139 1030 2180 et
1045 2128 1310 2181 Tabraca.
1327 2152 1352 2173 ι·
1372 2128 1442 2182 Η.

489 2229 538 2262 a.
559 2210 882 2260 Massinissa.
899 2206 1038 2260 odio
1050 2206 1305 2278 primum,
1319 2226 1446 2259 mox

415 2286 637 2341 amicitia
666 2285 852 2357 populi
878 2302 1016 2339 rom.
1055 2296 1108 2338 et
1135 2284 1244 2338 fide
1271 2286 1447 2339 clarus

417 2368 538 2421 ruit.
562 2366 872 2420 Numidiam
887 2404 904 2431 ,
921 2376 1046 2418 ante
1070 2384 1166 2418 sua
1181 2376 1446 2437 tempora,

413 2447 574 2523 plane
601 2444 832 2498 sterilem
845 2482 860 2507 ,
897 2446 1046 2498 omni
1089 2445 1304 2516 frugum
1331 2444 1446 2497 fru-

415 2536 713 2596 ctuumque
765 2542 958 2595 genere
1023 2523 1252 2577 fertilem
1297 2527 1447 2576 cultu

413 2602 668 2657 reddidit.
707 2602 848 2656 Vide
887 2600 958 2655 de
995 2620 1060 2654 eo
1102 2602 1256 2674 plura
1301 2602 1448 2675 apud

419 2683 608 2754 Polyb.
635 2682 695 2735 in
713 2680 1018 2753 Excerptis,
1057 2700 1185 2754 pag.
1230 2689 1359 2752 ¹74·
1394 2692 1448 2735 et

415 2762 642 2833 Appian.
669 2762 726 2813 in
756 2761 950 2814 Punic.
973 2780 1092 2834 pag.
1123 2762 1213 2814 63.
1248 2760 1448 2815 Grecis

415 2838 776 2900 Μασσανίσσας.
797 2838 984 2894 Halm.

489 2919 539 2973 3.
575 2920 902 2989 metagonitis.
935 2922 1264 2991 Μιταγωνῖτις
1283 2937 1310 2971 a
1333 2918 1446 2973 Me·

416 3000 632 3071 tagenio
652 2999 1023 3071 promontorio
1039 3038 1056 3064 ,
1083 2998 1152 3051 de
1168 3018 1279 3072 quo
1306 2999 1446 3052 Mela

416 3077 658 3149 proxime
705 3076 950 3131 laudatus
981 3114 998 3140 ,
1053 3078 1450 3149 quantumlibet

418 3159 644 3211 Vossius
663 3156 977 3227 refragetur,
997 3156 1369 3210 Observation.
1388 3156 1446 3209 in

417 3236 642 3301 Melam,
666 3254 786 3310 pag.
808 3253 893 3306 ²7·
929 3234 1166 3307 Hipponi
1189 3236 1357 3307 Regio
1383 3236 1450 3289 fi-

417 3316 668 3368 nitimum
691 3312 822 3366 illud
842 3325 950 3366 est:
972 3314 1353 3385 geminumque
1369 3316 1450 3368 illi

1528 1100 1657 1155 locis
1676 1101 1861 1154 citatis.
1874 1102 2186 1167 Sallustius,
2210 1102 2265 1155 in
2292 1102 2439 1157 Bello
2459 1106 2552 1158 Ju-

1528 1181 1709 1251 gurth.
1748 1200 1868 1254 pag.
1896 1184 1991 1246 66,
2015 1181 2086 1235 de
2111 1183 2305 1237 Africo
2323 1183 2511 1237 incolis
2537 1201 2551 1236 ε

1528 1257 1637 1311 ..Hi
1665 1260 1784 1331 quia
1809 1278 1951 1332 ssepe
1976 1271 2241 1313 tentantes
2264 1261 2553 1332 agros,alia

1528 1337 1723 1391 deinde
1751 1354 1914 1409 atque
1939 1340 2044 1392 alia
2069 1340 2201 1393 loca·
2222 1341 2517 1411 petiverant
2537 1380 2554 1405 ,

1528 1419 1793 1490 semetipsi
1812 1418 2069 1472 Numidas
2086 1420 2433 1491 appellavere.
2448 1421 2559 1474 Ου-

1529 1508 1703 1549 terum
1740 1496 1920 1550 adhuc
1948 1496 2169 1551 edificia
2203 1496 2557 1552 Numidarum

1528 1576 1835 1646 agrestium,
1858 1596 1979 1648 quoe
2004 1577 2237 1649 mapalia
2256 1578 2331 1629 illi
2352 1589 2560 1639 vocant,

1529 1654 1758 1727 oblonga
1775 1694 1789 1717 ,
1813 1655 2051 1710 incurvis
2093 1657 2348 1711 lateribus
2382 1668 2520 1711 tecta
2541 1693 2559 1719 ‚

1529 1735 1683 1805 quasi
1704 1734 1919 1790 navium
1941 1736 2136 1789 carina
2154 1747 2297 1789 sunt.
2312 1761 2340 1781 a·
2365 1737 2553 1790 Haan.

1602 1811 1650 1865 5.
1677 1816 1935 1865 Nomades
1962 1814 2045 1866 Ita
2078 1815 2207 1884 Reg.
2242 1832 2265 1867 x
2286 1852 2303 1880 ,
2320 1834 2378 1877 a,
2407 1814 2557 1868 colb.

1535 1909 1559 1944 1
1575 1930 1590 1955 ,
1614 1911 1641 1944 a
1657 1930 1674 1955 ,
1696 1891 1863 1945 Paris.
1885 1892 2115 1965 librique
2132 1893 2397 1947 recentius
2416 1892 2561 1947 editi.

1529 1971 1599 2022 At
1622 1971 1922 2026 Parmensis
1946 1972 2138 2040 editio,
2166 1993 2201 2024 a
2224 1976 2562 2041 per-'nutandi'

1524 2053 1855 2118 papilionibus
1869 2092 1885 2119 ,
1902 2052 2059 2123 legit:
2080 2070 2198 2124 qun
2224 2052 2381 2105 lectio
2403 2052 2561 2106 etiam

1528 2130 1691 2181 tolera
1698 2128 1818 2183 bilis
1834 2141 1929 2183 est.
1940 2131 2078 2184 Sunt
2094 2132 2237 2184 enim
2258 2132 2565 2203 papiliones,

1528 2208 1595 2261 τὰ
1615 2209 1933 2281 σκηνώματα,
1946 2210 2232 2263 castrensia
2255 2211 2564 2263 tabernacu-

1531 2290 1579 2341 la
1597 2325 1613 2351 ,
1653 2288 1767 2343 sive
1804 2289 2039 2343 tentoria
2062 2330 2077 2356 ,
2108 2302 2171 2341 ut
2212 2288 2371 2342 docet
2411 2302 2563 2345 vetus

1532 2368 1771 2423 Glossar.
1800 2366 1947 2421 unde
1984 2386 2087 2423 vox
2120 2367 2304 2439 gallica
2322 2372 2562 2437 ρανίἱὶοη.

1532 2446 1646 2500 Bac
1676 2464 1801 2499 usus
1820 2448 1991 2500 AElius
2012 2448 2320 2519 Spartianus
2334 2486 2351 2514 ,
2385 2448 2442 2500 in
2465 2448 2562 2499 Pe·

1534 2526 1775 2588 secanio,
1794 2545 1918 2599 pag.
1938 2526 2040 2598 78:
2062 2551 2085 2573 ι
2103 2527 2169 2579 In
2184 2526 2333 2579 omni
2352 2525 2565 2598 expedi-

1531 2605 1679 2659 tione
1704 2617 1825 2658 ante
1853 2624 2039 2660 omnes
2066 2607 2355 2659 militarem
2383 2606 2563 2659 cibum

1531 2684 1759 2755 sumpsit
1794 2697 1918 2737 ante
1942 2684 2300 2757 papilionem:
2324 2703 2425 2737 nec
2464 2684 2564 2738 sibi

1534 2780 1772 2833 unquam
1784 2762 1894 2825 ,vel
1916 2774 2102 2815 contra
2120 2763 2285 2817 solem
2298 2800 2317 2826 ‚
2336 2762 2419 2814 vel
2436 2781 2565 2815 con-

1533 2852 1610 2895 tra
1636 2841 2565 2913 imbresquaesivitteetisuffugium.-

1532 2920 1617 2977 Sic
1635 2919 1939 2974 Nomadum
1977 2922 2317 2975 tabernacula
2337 2922 2564 2993 papilio-

1532 3018 1627 3053 nes
1652 2998 1751 3052 rite
1776 3002 2068 3055 vocaveris.
2094 2998 2368 3054 Nomades
2391 3000 2563 3053 dictos

1533 3078 1719 3131 Festus
1762 3079 2027 3132 existimat
2048 3116 2066 3145 ,
2106 3077 2255 3151 quod
2296 3077 2353 3131 id
2394 3096 2565 3150 genus

1532 3156 1812 3210 hominum
1824 3158 2103 3228 pecoribus
2116 3158 2436 3229 negotiatur:
2452 3156 2565 3211 aive

1529 3234 1676 3306 quod
1701 3234 1915 3302 herbis,
1960 3248 2019 3289 ut
2060 3254 2279 3309 pecora,
2325 3236 2558 3290 aluntur.

1528 3314 1669 3368 Dicti
1692 3314 1898 3387 potius,
1936 3315 2081 3386 quod
2125 3326 2434 3388 permutant
2463 3332 2563 3387 pa·

417 3413 615 3447 nomen
639 3411 652 3445 :
674 3412 800 3446 nam
819 3394 986 3465 Τρίτον
1011 3406 1230 3446 vocatur
1247 3412 1276 3446 a
1303 3394 1450 3447 Stra-
1525 3393 1715 3445 bulum
1732 3430 1747 3457 ‚
1773 3410 1941 3465 grace
1966 3395 2131 3465 νομήν.
2161 3394 2347 3447 Ham).

419 3474 575 3533 bone,
584 3484 639 3526 'et
652 3473 898 3527 Manilio
910 3473 1212 3545 oppositum
1225 3473 1444 3527 dicitur:

416 3551 578 3605 hodie
609 3556 742 3620 Cape
766 3554 1038 3619 Bagamm’.
1066 3550 1376 3618 Ptolemaeo,
1401 3552 1441 3606 l.

417 3630 525 3695 IV,
548 3650 664 3702 cap.
688 3631 718 3683 5
736 3667 752 3694 ‚
768 3632 948 3701 Τρητὸν
973 3631 1132 3701 ἄκρον.
1167 3632 1444 3686 Diversum

417 3710 572 3781 plane
593 3730 622 3763 a
640 3709 944 3781 Metagonio
961 3710 1226 3764 Ptolemaei
1244 3722 1296 3763 et
1306 3712 1446 3765 Stra·

415 3788 570 3841 bonis
586 3826 604 3853 ,
624 3788 775 3862 quod
793 3800 870 3841 est
895 3788 948 3841 in
969 3807 1136 3859 regno
1161 3796 1272 3852 1702,
1291 3793 1442 3863 juxta

414 3880 650 3922 montem
667 3868 878 3923 Abilam
894 3904 910 3930 ,
931 3867 1086 3939 eique
1099 3887 1292 3922 nomen
1313 3873 1444 3922 Gaba

415 3950 478 3997 de
506 3962 604 3999 tres
621 3952 824 4006 For-eas.
853 3946 1034 3999 Han).
1057 3958 1108 3999 et
1135 3948 1238 4000 En.

487 4032 536 4090 tl·
557 4028 804 4079 Numida.
825 4025 1040 4079 Solinus
1053 4038 1108 4079 et
1127 4028 1442 4089 Martianus,

1598 3475 1653 3525 6.
1680 3478 1788 3525 Hoc
1812 3488 1919 3537 ese,
1947 3478 2138 3525 domus.
2161 3472 2351 3526 Horat.
2375 3472 2561 3525 Carm.

1530 3550 1628 3605 lib.
1653 3552 1739 3603 111
1753 3588 1769 3614 ,
1792 3551 1894 3605 ode
1912 3560 1978 3617 ²4
2000 3552 2068 3605 de
2087 3550 2419 3605 Nomadibus
2436 3550 2563 3623 Scy-

1532 3630 1643 3684 this
1665 3630 1971 3695 :uQuorum
2006 3632 2245 3704 plaustra
2272 3647 2435 3701 vagas
2460 3630 2563 3683 rite

1531 3710 1754 3763 trabunt
1779 3709 1984 3763 domos.
2002 3736 2027 3757 .-
2060 3712 2141 3763 De
2163 3708 2356 3763 Africis
2388 3709 2563 3762 Luca-

1532 3808 1661 3853 nus,
1690 3788 1784 3843 lib.
1811 3790 1908 3856 IV,
1925 3808 2059 3843 vers.
2084 3790 2188 3855 684
2210 3808 2223 3841 :
2245 3814 2271 3833 «ι
2290 3788 2359 3839 Et
2377 3788 2563 3841 solitus

1530 3868 1710 3921 vacuis
1732 3888 1909 3923 errare
1930 3868 2226 3941 mapalibus
2244 3868 2371 3920 Afer
2388 3868 2561 3921 Vena—

1533 3959 1674 4001 tor.»
1707 3946 1878 4021 quue
1916 3948 2210 4001 etiamnum
2252 3948 2307 4000 in
2346 3966 2446 4000 usu
2484 3958 2557 4000 eat

1532 4025 1676 4098 apud
1724 4026 2001 4081 interiores
2046 4026 2267 4081 Mauros
2292 4064 2307 4088 ‚
2358 4025 2452 4099 qui
2502 4026 2557 4077 in
