2950 5017
447 454 494 535 4
509 474 532 519 1
551 446 598 519 6

445 581 696 651 flumen
723 582 976 649 Armua
993 563 1041 603 ¹⁶

983 448 1064 517 C.
1121 444 1461 515 PLINII
1517 444 1731 515 NAT.
1790 448 2043 517 HIST.

1044 631 1059 647 .
1094 576 1436 672 Oppidum
1466 575 1821 647 Tabraca¹⁷
1852 580 2095 648 civium
2128 602 2585 651 romanorum.

445 672 725 756 Tusca¹⁸
765 686 1044 773 fluviuS,
1084 682 1419 755 Numidiae
1470 682 1621 751 finis
1662 706 1677 748 ε
1714 709 1839 754 nec
1882 684 2191 779 praeter¹⁹
2232 690 2592 765 marmoris

447 792 817 879 Numidici,
861 792 1283 885 ferarumque
1326 802 1725 883 proventum
1760 789 2001 859 aliud
1981 792 2257 886 insigne.

552 902 677 969 111.
714 894 875 983 (ιν.)
907 902 968 966 Α
1000 900 1250 983 Tusca,
1299 894 1698 989 Zeugitana¹
1738 899 1959 1027 regsio,
1995 913 2063 967 et
2099 923 2246 991 quae
2276 899 2583 1035 proprie²

441 1020 722 1075 vocetur
753 1004 1009 1092 Africa,
1037 1017 1154 1073 est.
1182 1004 1338 1071 Tria
1368 988 1861 1096 promontoria³

1896 992 2395 1073 .Candidum⁴:
2424 1028 2585 1074 mox

440 1109 803 1206 Apollinis,
841 1109 1193 1179 adversum
1237 1107 1609 1177 Sardiniae:
1654 1094 2011 1178 Mercurii⁵
2026 1160 2047 1193 ‚
2094 1109 2449 1180 adversum
2488 1112 2586 1181 Si-

439 1216 688 1302 ciliae,
671 1243 738 1285 m
773 1216 980 1286 altum
1000 1215 1502 1310 procurrentia,
1538 1212 1707 1283 duos
1737 1215 2038 1285 efficiunt
2064 1218 2291 1286 sinus:
2320 1219 2587 1346 Hippo-

439 1347 746 1412 nensem,
782 1323 1156 1418 proximum
1182 1320 1266 1389 ab
1290 1318 1579 1415 oppid0‚
1612 1320 1793 1415 quod
1830 1324 2210 1418 Hipponem
2240 1307 2587 1392 dirutum⁶

431 1518 626 1573 rudera
643 1537 814 1591 prope
836 1519 1028 1572 ostium
1057 1517 1210 1571 fluvii
1233 1518 1463 1581 Armua,

430 1616 576 1651 nnnc
595 1602 850 1665 Seibome,
866 1596 1014 1652 haud
1039 1598 1232 1670 procul
1259 1595 1464 1669 oppido

431 1684 589 1730 Bona.
617 1677 787 1730 Bno'r.

509 1758 592 1811 16.
620 1764 830 1809 Armua.
851 1748 1170 1828 Poueptmcoc
1207 1755 1425 1827 ποταμὸς
1443 1792 1460 1819 ,

433 1836 716 1889 Ptolemaeo
741 1874 757 1900 ,
793 1836 884 1889 lib.
927 1836 1028 1901 1v,
1055 1854 1171 1908 cap.
1211 1836 1273 1901 3,
1309 1836 1461 1907 cujus

431 1916 566 1969 ostia
610 1916 749 1969 inter
792 1916 1101 1989 Hipponem‘
1137 1915 1364 1987 Regium
1410 1926 1462 1967 et

429 1996 725 2049 Tabracam
771 1996 929 2049 locat.
975 1996 1158 2049 Hann.
1193 2026 1266 2037 -
1289 1992 1463 2047 Hodie

431 2076 705 2145 uqi-agg,
749 2068 969 2129 auctore
1015 2076 1300 2129 Mannerto
1316 2111 1333 2137 ,
1367 2073 1464 2145 qui

431 2154 774 2207 Rubricatum
789 2154 858 2207 ab
881 2155 1078 2207 Armua
1099 2154 1366 2209 diversum
1385 2153 1465 2207 fa-

431 2232 522 2286 cit.
551 2234 654 2285 En.

507 2331 591 2383 17.
607 2317 850 2365 Tabraca.
867 2313 1170 2383 Dalecamp.
1189 2315 1463 2365 Tabraclaa.

437 2394 771 2444 Tacabracka.
792 2390 898 2444 En.
917 2422 984 2431 —
1000 2389 1242 2461 Θάὲρωια
1259 2391 1468 2443 κολωνία

433 2468 749 2534 Ptolemoeo‚
787 2469 909 2521 loco
927 2469 1110 2522 citato.
1149 2470 1304 2521 Nunc
1330 2486 1465 2539 quo-

431 2566 537 2621 que
579 2552 821 2601 Tabarca.
865 2548 932 2599 In
977 2547 1168 2601 Collat.
1209 2548 1462 2619 Carthag.

431 2644 554 2700 pag.
586 2644 704 2697 171,
729 2628 1004 2679 Clarentius
1033 2629 1369 2677 Tabraconsis.
1397 2626 1465 2678 H.

509 2704 592 2759 18.
622 2712 800 2757 Tusca.
825 2705 999 2758 Hodie
1033 2708 1465 2765 Wad·ol-Berber‚

434 2784 603 2838 amnis
630 2783 938 2837 Numidiam
962 2785 1032 2837 ab
1047 2784 1227 2837 Africa
1246 2784 1467 2857 proprie

433 2861 576 2916 dicta
603 2861 997 2915 disterminans.
1033 2863 1220 2916 Ham).

509 2960 592 3010 19.
627 2948 734 2994 Nec
753 2956 936 3009 prater
959 2945 1220 2999 marmoris
1241 2945 1466 2994 Numidi-

433 3024 496 3074 ci.
523 3020 734 3075 Solinus
757 3020 869 3075 hoec
891 3039 1139 3093 quoque,
1168 3039 1286 3093 cap.
1311 3039 1464 3088 xxvr,

433 3118 554 3171 pag.
585 3100 668 3164 48.
699 3098 883 3153 Hann-

504 3178 608 3231 111.
646 3197 692 3232 1.
729 3181 1031 3247 Zeugitana.
1076 3179 1315 3251 «Zeugis
1352 3198 1464 3233 non

435 3256 595 3311 unius
637 3257 740 3311 loci
789 3270 1202 3329 cognomentum
1228 3297 1244 3321 ,
1286 3259 1466 3331 inquit

432 3335 679 3389 AEthicus
693 3336 748 3387 in
761 3336 1149 3409 cosmograph.
1173 3335 1267 3390 sed
1285 3338 1462 3409 potius

433 3414 725 3488 provincie
751 3414 882 3477 fuit,
907 3416 1128 3469 velutin
1143 3415 1464 3471 hodiernum

431 3494 576 3548 diem
599 3496 673 3548 ita
699 3514 728 3547 a
766 3493 1115 3567 prudentibus
1140 3496 1422 3567 accipitur.
1437 3522 1464 3543 ι·

431 3576 509 3626 Ac
553 3574 715 3645 paulo
760 3584 914 3646 post:
943 3574 1173 3646 «Zeugis
1219 3587 1330 3639 est,
1367 3576 1464 3630 ubi

431 3652 703 3725 Carthago
747 3652 929 3705 civitas
981 3652 1263 3707 constituta
1315 3667 1408 3709 est.
1431 3680 1454 3703 ι

429 3731 694 3795 Isidorus,
721 3733 870 3804 Orig.
909 3732 1007 3785 lib.
1054 3732 1197 3794 xlv,
1227 3752 1345 3807 cap.
1377 3734 1406 3787 5
1441 3755 1456 3789 =

427 3835 452 3856 .-
469 3811 661 3881 Zeugis
678 3848 694 3874 ‚
720 3812 816 3863 nbi
837 3810 1103 3883 Carthago
1128 3830 1318 3883 magna
1339 3826 1417 3866 est
1437 3832 1452 3868 ε

429 3890 544 3961 ipsa
567 3904 646 3943 est
665 3903 718 3944 et
740 3909 861 3944 vera
888 3890 1067 3944 Africa
1086 3928 1102 3954 ,
1125 3890 1267 3945 inter
1291 3892 1456 3965 Byza-

427 3969 571 4022 cium
590 3982 642 4022 et
663 3970 971 4023 Numidiam
995 3971 1108 4024 sita.
1125 3996 1146 4017 ι
1177 3972 1352 4025 Halm.

501 4068 547 4101 s.
576 4054 642 4099 Ee
665 4042 780 4115 quae
805 4050 1020 4117 proprie.
1053 4048 1166 4103 Hoc
1203 4062 1317 4117 est,
1361 4070 1450 4104 ea-

1548 1514 1779 1589 demque
1812 1519 2027 1592 proprie
2074 1519 2258 1573 Ai'rica
2304 1519 2537 1573 vocitata
2564 1535 2583 1571 t

1546 1614 1873 1668 quamquam
1902 1610 1952 1650 et
1972 1617 2036 1651 eo
2056 1599 2276 1652 nomine
2296 1598 2412 1669 ipsa
2444 1616 2585 1671 quo·

1548 1695 1657 1747 que
1680 1675 1938 1731 Numidia
1980 1676 2452 1749 comprehenditur
2470 1716 2486 1741 ‚
2522 1688 2583 1728 ut

1548 1754 1788 1809 dicemus
1830 1774 1947 1827 cap.
1974 1774 2083 1828 seq.
2112 1756 2293 1809 Hann.
2318 1786 2390 1797 --
2424 1756 2583 1809 Nunc

1546 1838 1770 1902 Regence
1794 1838 1854 1887 de
1882 1838 2049 1887 Tanis.
2076 1834 2179 1887 En.

1623 1915 1675 1967 3.
1724 1917 1839 1965 Tria
1874 1916 2248 1981 promontoria,
2297 1923 2399 1967 etc.
2456 1912 2584 1967 Hoc

1548 2012 1765 2065 quoque
1794 1994 2035 2058 Solinus,
2064 2012 2187 2065 cap.
2229 2011 2409 2057 xxvn,
2462 2012 2583 2065 pag.

1549 2080 1649 2142 49,
1672 2085 1723 2125 et
1743 2074 2059 2137 Martinam,
2105 2073 2200 2127 lib.
2229 2073 2311 2125 VI
2329 2110 2345 2135 ,
2372 2090 2489 2145 cap.
2515 2072 2584 2127 de

1550 2150 1759 2205 duabus
1783 2153 2073 2205 Mam-itan.
2109 2170 2228 2224 pag.
2260 2155 2378 2206 216.
2404 2152 2489 2205 Illi
2516 2172 2583 2206 ex

1551 2231 1724 2284 Plinio
1737 2232 1979 2285 hausere.
2000 2233 2174 2285 Habet
2192 2231 2376 2285 eadem
2398 2245 2451 2285 et
2473 2234 2587 2286 Me·

1552 2308 1604 2362 la
1621 2350 1638 2376 ,
1658 2311 1755 2363 lib.
1778 2312 1836 2375 1,
1860 2330 1911 2364 c.
1942 2328 1975 2382 7
2015 2309 2237 2364 totidem
2263 2310 2373 2363 fere
2391 2310 2583 2365 verbis.

1553 2387 1742 2443 Hum-

1626 2473 1675 2531 4.
1714 2470 2012 2521 Candidum.
2052 2466 2377 2522 Etiamnunc
2396 2466 2587 2521 incolis

1554 2550 1940 2611 Rus-el-Abiad,
1954 2546 2067 2599 sive
2092 2544 2385 2599 candidum
2398 2585 2414 2607 ‚
2436 2544 2586 2619 quod

1552 2637 1853 2679 cretaceum
1872 2626 1941 2677 sit
1958 2642 1975 2689 3
2000 2644 2121 2678 cum
2142 2625 2309 2678 altero
2327 2626 2587 2697 Apollinis

1552 2704 1923 2777 promontorio
1935 2743 1951 2770 ,
1966 2702 2115 2775 quod
2134 2707 2409 2756 Bas-Zelib
2422 2704 2589 2757 nomi-

1552 2796 1713 2847 nant,
1741 2782 1912 2835 efficit
1952 2782 2349 2856 Hipponensem
2377 2781 2551 2838 sinum
2570 2822 2587 2849 ,

1550 2864 1691 2932 goffe
1712 2866 1777 2914 de
1797 2866 1997 2915 Bisa-te.
2024 2864 2211 2916 Ham).
2245 2876 2299 2916 et
2324 2864 2427 2917 En.

1626 2942 1676 2995 5.
1708 2945 1952 2995 Mercurii.
1976 2933 2173 3013 Ἑρμεία.
2197 2942 2331 3014 ἄκρα,
2348 2980 2365 3005 ,
2392 2944 2425 3001 ἡ
2463 2962 2585 3015 προ-

1552 3020 1677 3079 τείνῃ
1699 3024 1762 3083 ὡς
1778 3024 1896 3093 πρὸς
1914 3022 1995 3079 τὴν
2025 3023 2237 3075 Σικελίαν
2256 3061 2269 3085 ,
2296 3022 2468 3093 inquit
2489 3022 2587 3075 Po·

1552 3100 1755 3175 lybius‚
1770 3100 1861 3153 lib.
1890 3102 1944 3167 1,
1966 3118 2091 3173 pag.
2112 3106 2199 3165 4²·
2220 3100 2377 3155 Nunc
2394 3100 2586 3155 incolis

1550 3183 1851 3231 Bas-Addat
1868 3219 1885 3246 ,
1922 3180 2082 3251 vulgo
2125 3180 2281 3233 nobis
2312 3201 2407 3248 cap
2434 3188 2541 3231 Bon
2560 3200 2585 3242 ,-

1550 3277 1676 3312 cum
1715 3258 2083 3330 promontorio
2109 3258 2372 3331 Apollinis
2404 3257 2583 3312 sinum

1550 3338 1749 3405 efficit,
1772 3341 1819 3389 Ie
1837 3338 1975 3407 gulfi·
1998 3340 2062 3389 de
2106 3340 2267 3391 Tanis.
2300 3338 2479 3393 Hum-
2510 3370 2585 3381 —

1550 3415 1698 3470 Sudo
1726 3434 2021 3486 serenoque
2056 3416 2187 3469 calo
2234 3436 2300 3470 ex
2327 3417 2433 3470 hoc
2459 3436 2585 3489 pro-

1550 3496 1826 3549 montorio
1854 3494 2016 3566 aspici
2040 3507 2261 3566 possunt
2278 3507 2486 3551 montes
2500 3496 2582 3551 Si·

1550 3577 1707 3631 cilia.
1722 3577 1889 3629 Bao-r.
1908 3586 1961 3627 et
1979 3574 2083 3628 En.

1622 3658 1672 3709 6.
1693 3660 1965 3723 Hipponem
1994 3658 2223 3705 dimmm.
2248 3654 2446 3707 Incola
2464 3692 2481 3717 ,
2503 3654 2583 3707 in·

1548 3735 1689 3807 quit,
1708 3752 1875 3805 quum
1894 3750 2063 3805 graece
2077 3732 2345 3797 nesciant,
2364 3736 2583 3788 dirutam

1544 3828 1735 3866 vocant
1751 3853 1767 3878 ,
1802 3830 1903 3885 pro
1930 3814 2261 3878 Diankytum.
2308 3812 2457 3866 Hanc
2484 3832 2581 3865 vo·

1544 3912 1661 3947 cem
1684 3895 1897 3943 dirutum
1926 3889 2047 3943 libri
2081 3909 2267 3945 omnes
2294 3892 2431 3944 miro
2454 3911 2582 3945 con·

1543 3990 1703 4025 sensu
1722 3970 1988 4023 exhibent.
2017 3976 2255 4034 Zarytum
2291 3982 2451 4025 vocat
2478 3972 2583 4023 An·

1542 4050 1753 4103 toninus
1770 4048 1824 4101 in
1842 4048 2025 4101 Itiner.
2042 4048 2327 4103 Salmasius
2342 4050 2396 4102 in
2412 4049 2583 4103 Solin.

2486 4160 2515 4179 l
