2950 5017
1108 480 1427 549 LIBER
1481 481 1614 549 VI.

2267 477 2420 550 683

290 626 514 698 ras,et
540 609 783 682 Salsos.
815 611 982 681 Ab²⁷
1008 637 1089 682 eo
1112 615 1648 744 promontorium
1675 599 2151 684 Themisteas²⁸
2165 667 2184 700 ,
2213 613 2430 682 insula

286 718 716 849 Aphrodisias
730 716 781 757 '⁹
802 718 1159 789 habitatur.
1198 705 1434 788 Inde³⁰
1467 720 1750 790 Persidis
1781 723 2035 789 initium
2065 719 2149 789 ad
2177 721 2426 790 flumen

288 827 576 895 Oroatin
590 810 677 910 ³¹,
708 850 843 920 quo
870 824 1185 895 dividitur
1220 826 1305 894 ab
1337 825 1701 920 Elymaide.
1737 813 2051 897 Contra³²
2088 827 2423 896 Persidem

288 930 553 1016 insulae,
614 928 1306 1019 Philos,Casand1-a‚
1362 935 1602 1001 Aracia
1663 959 1817 1004 cum
1869 947 2100 1002 monte
2154 932 2426 1028 praealto

287 1037 609 1132 Neptuno
642 984 1099 1132 sacra.’1psa³³
1138 1039 1351 1108 Persis
1391 1037 1708 1109 adversus
1749 1064 2058 1109 occasum
2099 1041 2224 1108 sita
2255 1039 2427 1108 obti-

286 1158 405 1212 net
452 1141 675 1212 littora
710 1169 805 1213 ιιι.
848 1143 1003 1212 mill.
1048 1167 1419 1240 passuum:
1458 1147 1660 1214 etiam
1705 1147 1772 1214 in
1815 1145 2044 1215 luxum
2099 1146 2318 1228 diveS,
2359 1147 2429 1212 in

282 1249 731 1318 Parthorum
738 1274 847 1322 am
874 1249 1131 1369 pridem
1168 1249 1486 1321 translata
1521 1237 1832 1320 nomen³⁴

288 1357 477 1450 perio
516 1380 697 1425 nunc
744 1341 1061 1451 ⁵paucls-

393 1463 652 1530 XXIX.
685 1461 959 1557 Regna¹
1000 1463 1400 1532 Parthorum
1453 1463 1911 1559 duodeviginti
1963 1477 2119 1533 sunt
2163 1465 2426 1532 omnia·
2471 1485 2494 1520 1

1837 1255 2160 1322 .Horum
2191 1251 2322 1321 de
2305 1275 2426 1319 im-

288 1569 383 1636 ita
424 1569 601 1637 enim
656 1567 960 1638 dividunt
1012 1572 1425 1664 provincias,
1478 1571 1656 1639 circa
1709 1570 1844 1639 duo
1899 1565 2047 1658 (ut²
2100 1557 2432 1662 diximus)

290 1675 533 1760 maria,
565 1674 872 1744 Rubrum
901 1701 939 1746 a
974 1675 1289 1756 meridie,
1322 1679 1710 1770 Hyrcanum
1740 1701 1777 1744 a
1807 1677 2298 1770 septemtrione.
2329 1679 2432 1744 Ex

290 1781 369 1849 iis
402 1727 740 1868 undecim,
761 1805 909 1875 quae
944 1784 1287 1878 superiora
1326 1782 1670 1869 dicuntur,
1705 1784 2033 1879 incipiunt
2063 1807 2102 1850 a
2138 1781 2431 1850 confinio

376 1981 467 2032 ²7·
510 1961 599 2015 Ab
633 1980 707 2015 eo.
745 1962 949 2014 Versus
992 1962 1325 2032 septemtrio-

292 2061 419 2097 nem
437 2081 453 2106 ,
484 2041 542 2094 in
566 2041 679 2112 ipsa
701 2041 899 2095 Persici
919 2042 1065 2094 sinus
1094 2061 1189 2096 ora
1210 2041 1323 2096 fere

292 2121 486 2175 media.
519 2122 701 2174 Han.

377 2203 470 2254 28.
488 2201 798 2253 Themisteas.
822 2199 975 2266 Haec,
994 2212 1055 2254 ut
1066 2201 1318 2266 arbitror,

292 2281 483 2352 Ταρσίη
517 2281 639 2352 ἄκρη
674 2278 815 2350 apud
845 2280 1129 2333 Arrianum
1156 2281 1213 2332 in
1236 2281 1325 2333 In·

292 2359 468 2425 dicis,
499 2379 619 2431 pag.
653 2360 781 2413 580.
818 2359 1003 2412 Hsnn.

380 2459 465 2509 ²9·
501 2439 846 2510 Aphrodisias.
876 2439 1017 2505 Quia
1034 2431 1286 2509 Ᾱφροδίτῃ
1304 2477 1319 2502 ,

296 2519 405 2572 hoc
439 2530 517 2572 est
540 2557 555 2583 ,
588 2519 791 2572 Veneri
836 2537 998 2572 sacra.
1051 2517 1324 2590 Indigenis

296 2601 501 2654 Καταίη
530 2600 860 2660 vocabatur,
898 2597 1125 2651 Arriano
1166 2609 1323 2660 teste,

295 2679 404 2732 loc.
422 2680 513 2732 cit.
540 2676 723 2731 Ηιιιυ.

383 2759 473 2812 30.
505 2757 627 2809 Inde
640 2756 874 2810 Persidis.
888 2757 1176 2823 Arrianus,
1188 2754 1323 2809 ibid.

296 2838 487 2890 Amnis
512 2837 601 2890 hie
629 2837 910 2890 Ammiano
933 2795 1186 2900 Oroates:
1226 2837 1322 2888 lib-

297 2917 518 3000 xxm,
549 2935 672 2989 pag.
721 2915 864 2974 2523
914 2915 1171 2978 Arriano,
1202 2934 1327 2987 pag

301 2996 453 3061 585,
476 3005 645 3066 Aponi:
678 2994 894 3060 dicitur,
926 3013 1085 3066 quem
1117 2991 1183 3046 ad
1217 3014 1329 3047 am·

298 3095 425 3129 nem
462 3093 626 3146 usque
658 3076 831 3127 Persa
868 3074 1149 3127 habitant:
1184 3075 1328 3146 μέχρι

296 3151 449 3210 τοῦδε
468 3158 653 3226 Πέρσαι
672 3155 904 3207 οἰκέουσιν
922 3192 938 3220 ,
958 3153 1221 3207 maximus
1244 3173 1332 3206 eo·-

298 3253 424 3288 rnm
453 3233 693 3287 amnium
743 3234 837 3307 qni
884 3234 940 3287 in
972 3235 1117 3287 hunc
1152 3233 1329 3286 sinum

298 3313 560 3368 influunt.
600 3315 758 3367 Nunc
792 3313 900 3366 Tab
944 3314 1053 3366 sive
1107 3313 1327 3366 Endian.

300 3395 463 3448 Ultra
502 3394 647 3446 enim
696 3395 827 3447 ostia
849 3430 866 3458 ,
896 3395 1111 3446 Susiana
1143 3405 1241 3454 est,
1276 3405 1332 3446 et

300 3492 422 3544 qua
444 3472 609 3526 modo
634 3471 868 3537 Persidi,
895 3472 1061 3526 modo
1097 3472 1334 3526 Susiano

300 3551 666 3626 adjudicatur,
683 3551 934 3624 Elymais.
953 3549 1141 3604 Han.
1154 3563 1207 3604 et
1222 3554 1329 3605 En.

386 3635 482 3686 31.
498 3631 727 3686 Oroatia.
748 3631 929 3686 Chiffl.
959 3634 1171 3685 Oratim.
1193 3631 1299 3684 En.

386 3711 419 3766 3
430 3730 484 3764 ιι.
508 3711 693 3765 Contra
708 3711 968 3763 Persidem.
985 3713 1049 3764 In
1064 3711 1181 3783 ipso
1192 3712 1330 3765 sinu.

304 3792 413 3845 Alii
436 3791 595 3845 Psilos
622 3811 723 3863 pro
752 3791 922 3843 Philas
946 3792 1158 3862 legunt,
1184 3791 1337 3862 quasi

302 3872 544 3944 glabram
575 3871 935 3942 incultamque
960 3869 1155 3924 dixeris
1196 3871 1338 3924 insu·

300 3943 432 4005 lam.
484 3952 549 4003 In
604 3951 755 4004 MSS.
804 3949 933 4004 item
980 3951 1187 4002 Aracha
1233 3969 1335 4022 pro

307 4030 499 4084 Aracia
530 4029 786 4084 scribitur
822 4047 837 4082 ε
882 4028 975 4084 sed
1020 4047 1336 4102 perperam,

303 4121 525 4165 anctore
556 4110 839 4163 Ptolemaeo
854 4147 871 4174 ,
898 4110 991 4162 lib.
1005 4111 1111 4175 VI,
1132 4127 1247 4180 cap.
1269 4115 1299 4172 4
1318 4149 1335 4175 ,

1411 1960 1554 2033 apud
1607 1981 1766 2034 quem
1806 1962 1949 2016 inter
1988 1963 2182 2016 insulas
2228 1961 2433 2016 Persidi

1408 2040 1704 2112 adjacentes
1738 2081 1753 2106 ,
1818 2056 2062 2095 censetur
2131 2035 2436 2113 Ᾱλιξάνὸρου

1407 2129 1551 2184 νῆσος
1571 2163 1586 2188 ,
1606 2124 1638 2176 ἦ
1662 2123 1745 2177 καὶ
1766 2113 1977 2190 Apamia..
1992 2123 2173 2175 Han.

1494 2201 1588 2256 33.
1629 2197 1750 2272 Ipsa
1791 2203 1972 2255 Persis.
2011 2203 2142 2254 Haec
2189 2201 2435 2267 Solinus,

1406 2299 1525 2353 cap.
1553 2299 1679 2345 mv,
1706 2300 1829 2353 pag.
1861 2281 1932 2334 86
1950 2319 1966 2344 ,
2011 2293 2064 2334 et
2097 2281 2390 2334 Martianus
2417 2323 2430 2343 ‚

1406 2361 1506 2414 lib.
1536 2361 1644 2427 vl,
1676 2379 1793 2432 cap.
1831 2359 1900 2414 de
1931 2359 2086 2414 India
2108 2401 2125 2428 ,
2146 2379 2270 2434 pag.
2304 2361 2432 2414 225.

1412 2441 1596 2493 Hsnn.

1495 2521 1581 2583 34.
1610 2520 1816 2574 Nomen.
1849 2517 2170 2573 Chiffletian.
2196 2517 2316 2573 cod.
2345 2516 2440 2572 dat

1412 2619 1601 2652 numen.
1626 2600 1732 2652 En.

1497 2678 1590 2733 35.
1619 2677 1765 2732 Nunc
1793 2681 1984 2750 paucis.
2021 2677 2261 2732 chifflet.
2312 2696 2438 2729 nunc

1417 2760 1467 2810 in
1484 2763 1675 2830 pauc-Is.
1710 2760 1819 2811 En.

1495 2837 1698 2891 XXIX.
1729 2855 1778 2890 1.
1793 2838 1964 2907 Regna
1989 2837 2301 2889 Parthorum.
2335 2836 2440 2890 So-

1412 2917 1556 2970 linus
1583 2916 1770 2970 iisdem
1803 2917 2011 2974 verbis,
2041 2935 2156 2987 cap.
2183 2935 2281 2980 nv,
2315 2934 2438 2988 pag.

1420 2999 1513 3050 86.
1543 2997 1670 3050 Haec
1691 3015 1856 3067 porro
1879 3009 2003 3049 sunt
2021 3014 2204 3049 earum
2225 2996 2444 3068 provin-

1416 3076 1618 3130 ciarum
1633 3076 1848 3128 nomina
1866 3116 1883 3141 ,
1906 3095 1933 3127 a
1950 3076 2128 3128 Plinio
2153 3075 2410 3128 recensita
2424 3116 2441 3141 ‚

1416 3174 1533 3226 cap.
1563 3161 1660 3209 16:
1684 3156 2040 3226 Atropatene3
2070 3175 2185 3226 cap.
2203 3173 2304 3226 17:
2330 3157 2443 3210 Me-

1416 3235 1531 3299 dia,
1559 3235 1798 3299 Parthia;
1825 3252 1940 3306 cap.
1967 3237 2443 3306 18:Apavortene‚

1416 3314 1689 3386 Hyrcania
1712 3353 1728 3378 ,
1779 3315 2084 3384 Margiane,
2137 3315 2444 3377 Bactriana,

1418 3391 1683 3466 Sogdiana
1699 3415 1714 3457 ;
1731 3413 1846 3466 cap.
1865 3395 1932 3446 25
1951 3413 1964 3446 :
1981 3394 2285 3464 Cupissene,
2307 3395 2446 3448 Ara-

1418 3473 1598 3527 chosia
1615 3513 1630 3538 ,
1657 3471 1917 3526 Gedrosia
1933 3510 1950 3538 ,
1990 3473 2414 3544 Paropamisadai
2430 3513 2446 3539 ,

1419 3554 1646 3616 Ariana,
1670 3553 2004 3624 Drangiana3
2032 3571 2150 3624 cap.
2184 3569 2283 3623 27:
2314 3557 2444 3608 Car-

1420 3633 1629 3696 manin
1655 3651 1769 3704 cap.
1799 3635 1868 3686 28
1889 3649 1904 3684 ε
1925 3633 2116 3692 Persis,
2131 3650 2252 3685 cum
2275 3635 2448 3686 Parae-

1421 3713 1784 3784 ιεοειιίεξέειρ.
1807 3713 1874 3765 31
1895 3731 1908 3762 :
1928 3711 2170 3774 Susiane,
2193 3711 2447 3784 Elymais,

1422 3795 1578 3862 cnjus
1629 3809 1752 3862 pars
1803 3792 2127 3846 Characene.
2180 3791 2449 3846 Dissidere

1422 3872 1670 3925 nonnihil
1711 3891 1740 3924 a
1785 3870 1960 3923 Plinio
1999 3871 2056 3923 in
2109 3871 2194 3924 his
2230 3890 2450 3924 enume-

1422 3949 1604 4004 randis
1619 3949 1834 4004 videtur
1848 3949 2086 4004 Isidorus
2101 3951 2157 4004 in
2172 3955 2416 4023 Σταθμοῖς
2435 3992 2450 4018 ,

1424 4049 1551 4104 pag.
1579 4031 1700 4094 184.
1726 4031 1911 4083 Hmn.

1510 4131 1558 4164 2.
1597 4111 1666 4163 Ue
1687 4109 1911 4162 diximus.
1938 4111 2071 4181 Cap.
2099 4113 2182 4163 ιδ.

2631 2191 2658 2222 0
