2950 5017
1144 463 1465 532 LIBER
1532 464 1664 532 v1.
2320 465 2470 562 703

328 597 619 667 diximus
668 595 1069 665 inaccessam
1130 619 1369 681 coeno,
1424 593 1787 690 plurimum
1833 593 1972 665 limi
2024 595 2473 670 deferentibus

330 700 616 772 Brixia⁷⁹
648 715 719 770 et
762 703 1049 794 Ortacea
1091 701 1453 771 amnibus:
1489 701 1798 772 madente
1841 717 1910 772 et
1943 703 2085 797 ipsa
2129 704 2474 798 Elymaide

330 812 401 878 in
432 823 727 895 tantum,
768 821 845 876 ut
896 783 1117 877 nullus
1150 810 1267 894 sit,
1300 809 1428 876 nisi
1463 809 1743 877 circuitu
1798 809 1966 901 ejus,
2006 809 2088 878 ad
2133 811 2469 881 Persidem

328 916 566 984 aditus.
596 914 957 984 Infestatur
982 927 1051 982 et
1078 913 1537 1008 serpentibuS,
1567 937 1736 1008 quos
1779 913 2056 986 flumina
2089 915 2466 1012 deportant.
2511 947 2568 982 ιι

330 1025 493 1090 Pars
532 1021 675 1114 ejus
717 1021 1003 1089 maxime
1038 1020 1253 1101 invia,
1296 1019 1686 1089 Characene
1725 1034 2006 1090 vocatur
2040 1022 2127 1091 ab
2163 1023 2414 1144 oppido
2445 1073 2466 1108 ‚

326 1127 593 1197 Arabiae
624 1124 973 1195 claudente
996 1111 1241 1221 regna⁸
1280 1179 1301 1213 ‚
1244 1124 1412 1194 ‘de
1440 1151 1576 1256 quo
1597 1125 1924 1210 dicemus,
1953 1131 2250 1224 exposita
2280 1133 2467 1225 prius

326 1235 429 1302 M.
470 1234 783 1328 Agrippa.»
806 1233 1149 1302 sententia.
1186 1218 1551 1326 Namque&
1588 1235 1644 1302 is
1679 1233 1972 1302 Mediam
2000 1249 2069 1304 et
2096 1234 2465 1324 Parthiam,

325 1354 399 1408 et
438 1337 771 1408 Persidem
824 1339 909 1406 ab
950 1339 1203 1407 oriente
1243 1337 1451 1421 Indo,
1493 1337 1580 1406 ab
1629 1339 1976 1409 occidente
2023 1343 2240 1461 Tigri,
2283 1365 2322 1410 a
2362 1367 2466 1412 se-

328 1445 729 1540 ptemtrione
758 1446 1011 1529 Tauro,
1034 1447 1367 1531 Caucaso,
1400 1465 1441 1512 a
1476 1445 1750 1514 meridie
1773 1444 2008 1514 Rubro
2037 1449 2204 1515 mari
2229 1449 2466 1517 termi-

326 1566 550 1637 natas,
576 1565 803 1645 patere
846 1551 917 1619 in
951 1549 1433 1679 longitudinem
1475 1545 1608 1618 xli-1
1650 1541 1785 1620 xx⁸
1790 1550 2009 1620 'milk
2042 1575 2218 1648 pass.
2257 1554 2325 1621 in
2361 1553 2464 1622 la-

326 1656 677 1727 titudinem
718 1641 1031 1726 ncccxn⁸
1034 1641 1414 1750 ³prodidit.
1456 1643 1783 1726 Praeterea
1810 1682 1934 1753 per
1973 1683 2044 1728 se
2077 1661 2460 1754 Mesopota—

320 1765 529 1832 miam
553 1763 639 1832 ab
654 1763 909 1832 oriente
932 1763 1145 1857 Tigri,
1167 1762 1253 1831 ab
1274 1785 1516 1831 occasu
1535 1763 1916 1857 Euphrate,
1937 1769 2465 1860 aseptemtrione

320 1873 547 1938 Tauro
568 1920 587 1955 ,
655 1893 697 1937 a
742 1867 1019 1937 meridie
1074 1869 1243 1938 mari
1302 1870 1568 1938 Persico
1635 1867 2002 1954 inclusam,
2053 1870 2466 1966 longitudine

320 1959 911 2070 octingentorum⁸
916 1961 1144 2044 ⁴mill.
1180 1997 1352 2070 pass.
1390 1972 1736 2044 latitudine
1776 1997 2023 2046 cccnx.

319 2171 507 2207 carum
536 2153 733 2217 instar,
764 2171 917 2205 coeno
942 2150 1225 2223 limoque
1208 2169 1355 2205 mac·

318 2251 520 2287 cessam
538 2231 693 2285 reddi
710 2232 767 2286 in
790 2229 937 2285 dies:
962 2229 1109 2302 quod
1133 2229 1349 2302 quidem

318 2311 471 2366 haud
506 2311 615 2365 scio
654 2330 721 2364 an
762 2311 1010 2364 breviore
1052 2327 1113 2362 ac
1145 2309 1351 2381 siguifi-

318 2391 559 2446 cautiore
575 2391 837 2444 vocabulo
852 2389 1079 2462 exprimi
1096 2389 1351 2460 potuerit,

317 2489 485 2543 quam
528 2471 665 2537 isto,
706 2467 1023 2541 Συρτίὸωλος.
1064 2469 1163 2522 Est
1206 2468 1349 2522 enim

320 2553 480 2618 βῶλος
513 2554 611 2622 γῆ,
650 2561 789 2602 terra
826 2567 921 2602 seu
948 2549 1136 2620 gleba:
1178 2549 1349 2620 Σύρτις

316 2649 569 2684 arenosus
602 2629 753 2684 loeus
781 2628 839 2682 in
866 2628 1004 2681 mari
1022 2648 1037 2679 ε
1066 2641 1127 2682 ut
1147 2629 1349 2682 utrius·

316 2728 429 2782 que
483 2709 629 2763 vocis
670 2727 813 2762 nexu
866 2707 1193 2779 intelligatur
1255 2725 1349 2761 ora

316 2809 475 2843 coeuo
494 2827 513 2853 ‚
564 2788 695 2842 limo
714 2826 735 2855 ,
791 2787 944 2859 gleba
967 2826 985 2852 ,
1038 2805 1307 2858 arenaque
1330 2826 1347 2853 ,

314 2871 584 2924 inaccessa
602 2905 620 2931 ‚
646 2886 767 2940 qun
800 2865 1091 2921 fluviorum
1120 2865 1350 2920 vortices

318 2946 569 3020 quotidie
616 2947 896 3000 advehant.
930 2945 1071 3000 Hinc
1108 2943 1347 3008 πηλώδης

316 3031 503 3090 κόλπος
544 3028 690 3080 sinus
729 3043 974 3079 coeuosns
1012 3027 1069 3079 in
1111 3025 1345 3080 Susiano

316 3129 419 3162 ora
448 3125 481 3160 a
514 3107 801 3160 Ptolemaeo
832 3107 1069 3170 locatur,
1100 3105 1193 3159 lib.
1230 3106 1348 3171 vl,

316 3206 442 3259 cap.
468 3186 501 3240 3
520 3225 538 3251 ,
566 3199 617 3239 et
646 3189 854 3256 τέναγος
893 3185 1135 3256 &fairwu
1153 3223 1170 3250 ,
1200 3186 1349 3240 loeus

316 3269 455 3320 limo
479 3265 749 3320 obductus
773 3279 827 3319 et
845 3282 1031 3331 mna,
1052 3263 1201 3337 quod
1224 3263 1349 3318 vadi

317 3361 477 3400 tenax
504 3363 715 3398 coeuum
742 3344 977 3416 appellat
1005 3342 1345 3399 Claudianus.

316 3427 629 3497 Utrumque
668 3425 870 3497 pariter
902 3422 961 3478 in
998 3423 1214 3495 Periplo
1246 3425 1347 3478 Su·

314 3507 491 3559 sianes
512 3505 815 3558 Marcianus
840 3503 1173 3558 Heracleotes
1190 3523 1349 3625 agno·

314 3585 449 3650 scit,
471 3603 592 3656 pag.
624 3591 719 3653 49.
740 3585 925 3636 Hann.

403 3683 499 3735 79.
530 3665 623 3716 Br·
580 3668 708 3716 rusia
744 3676 793 3715 et
830 3663 1064 3716 Ortacea.
1104 3661 1344 3718 chifflet.

314 3745 481 3798 Brisa
502 3756 553 3794 et
580 3743 799 3796 Ortacia.
830 3745 935 3796 En.

400 3827 489 3878 80.
522 3823 713 3892 Regna.
738 3821 919 3876 Chiffl.
950 3841 1105 3892 mgna
1128 3841 1204 3874 ea.
1238 3822 1342 3875 En.

398 3911 491 3957 δι.
522 3901 744 3972 quue
766 3905 809 3954 is
832 3901 1069 3955 Mediam.
1094 3901 1225 3955 Hac
1250 3900 1344 3955 iis·

312 3982 445 4036 dem
483 3981 663 4035 verbis
707 3981 1005 4036 Martianus
1024 4017 1043 4046 ,
1084 3981 1179 4034 lib.
1226 3980 1306 4034 v1
1322 4022 1341 4046 ,

312 4081 435 4134 cap.
460 4059 530 4113 de
552 4059 736 4130 India,
763 4079 887 4134 pag.
916 4061 1047 4117 225.
1076 4061 1263 4115 Han.

1526 2153 1781 2206 {im-1111
1802 2155 1917 2204 XX.
1947 2151 2064 2208 Hoc
2089 2167 2202 2222 est,
2233 2167 2294 2209 ut
2323 2155 2470 2210 Mar-

1440 2229 1617 2284 tianus
1667 2232 1744 2284 ait
1764 2271 1796 2298 ,.
1825 2245 1907 2285 ter
1957 2244 2010 2286 et
2065 2233 2238 2288 decies
2279 2235 2470 2306 viginti

1437 2311 1607 2364 millia
1660 2330 1930 2382 passuum.
1983 2313 2073 2366 Sic
2123 2333 2289 2386 porro
2339 2317 2468 2369 libri

1436 2408 1624 2443 omnes
1643 2390 1803 2457 editi,
1824 2403 1878 2445 et
1901 2411 2063 2447 mauu
2087 2395 2283 2448 exarati
2307 2413 2323 2449 ε
2353 2407 2466 2449 tum

1436 2468 1478 2521 ii
1511 2487 1648 2541 quos
1689 2471 1793 2542 ipsi
1822 2471 2150 2542 inspeximus
2170 2509 2187 2537 ,
2221 2485 2334 2528 tum
2369 2475 2406 2528 ii
2435 2495 2468 2529 e

1438 2549 1634 2620 quibus
1688 2549 1982 2604 Martianus
2036 2545 2332 2623 exscripsit.
2395 2557 2468 2609 At

1436 2629 1598 2700 longe
1621 2628 1926 2701 discrepant
1950 2631 2020 2684 ab
2045 2631 2110 2685 iis
2135 2651 2274 2703 quos
2298 2637 2466 2688 secuti

1436 2722 1563 2762 suut
1583 2709 1733 2763 Missi
1750 2707 2067 2776 Theodosii,
2090 2713 2181 2782 qui
2206 2712 2471 2786 Principis

1436 2790 1553 2860 ejus
1561 2790 1583 2858 j
1589 2805 1712 2842 ussu
1735 2801 1996 2842 terrarum
2014 2792 2200 2844 orbem
2218 2829 2235 2856 ,
2255 2811 2466 2866 quaqua

1434 2879 1618 2938 patet,
1656 2867 1883 2921 dimensi
1920 2881 2088 2922 snut:
2125 2889 2312 2924 eorum
2347 2873 2468 2928 haec

1433 2947 1606 3000 oratio
1633 2960 1712 3001 est
1733 2967 1748 3001 z
1784 2973 1808 2996 ι
1833 2947 2010 3001 Media
2023 2985 2040 3013 ‚
2069 2949 2278 3004 Parthia
2296 2991 2312 3016 ,
2335 2953 2464 3007 Per-

1433 3025 1540 3090 sis,
1570 3025 1834 3080 finiuntur
1869 3027 1938 3080 ab
1986 3028 2193 3084 oriente
2241 3029 2464 3087 flumine

1433 3104 1602 3160 Indo:
1623 3105 1694 3160 ab
1711 3106 1988 3160 occidente
1999 3146 2014 3172 ,
2035 3107 2258 3162 flumine
2277 3111 2428 3184 Tigri
2445 3131 2464 3168 .·

1434 3204 1466 3238 a
1495 3185 1878 3258 septemtrione
1897 3221 1916 3250 ‚
1945 3201 2130 3242 moute
2169 3189 2390 3244 Tauro:
2429 3211 2462 3246 a

1434 3264 1692 3330 meridie,
1736 3267 1870 3320 mari
1909 3267 2117 3322 Rubro.
2155 3269 2466 3341 Lougitudo

1432 3361 1500 3398 ι.
1547 3363 1798 3418 passuum
1852 3364 2096 3399 nccccxx
2119 3387 2134 3411 ,
2189 3349 2418 3404 latitudo
2441 3393 2459 3416 ,

1432 3443 1672 3479 ccccxxr.
1696 3426 1858 3479 Juxta
1885 3425 2120 3478 Plinium
2154 3427 2462 3486 Secundum

1433 3504 1618 3558 eadem
1647 3522 1890 3558 mensura
1915 3517 2012 3558 est.
2037 3531 2060 3552 υ
2095 3507 2274 3561 Ham).

1516 3585 1612 3638 83.
1639 3583 1959 3639 DCCCXL.
1990 3585 2172 3639 chiffl.
2197 3587 2458 3644 DCCCL.

1428 3663 1726 3718 Martianus
1752 3664 1789 3717 l.
1819 3679 1868 3718 c.
1893 3663 2021 3736 legit
2047 3669 2420 3723 tautummodo
2440 3711 2461 3736 ,

1431 3757 1726 3798 noccoxxx.
1751 3745 1855 3798 En.

1514 3825 1608 3888 84.
1646 3824 2062 3894 octingentorum.
2095 3823 2370 3898 Adjiciunt
2390 3827 2462 3883 ad

1430 3921 1548 3956 eam
1595 3921 1896 3957 mensuram
1938 3917 2162 3959 centena
2210 3925 2462 3978 passuum

1432 3981 1600 4036 millia
1643 3981 1794 4037 Missi
1820 3983 2146 4038 Theodosii:
2181 3987 2464 4060 «Mesopo-

1430 4063 1594 4116 tamia
1615 4101 1634 4129 ,
1681 4063 1972 4134 Babylonia
1991 4103 2010 4131 ‚
2053 4063 2302 4120 Chaldaea
2335 4086 2350 4121 ε
2395 4067 2465 4120 ss-
