2950 5017
548 2306 610 2359 13

662 448 812 533 404
1189 450 1266 517 c.
1325 447 1664 518 PL1N11
1722 448 1935 518 NAT.
1995 452 2244 521 HlsT.

652 582 1016 666 bellavere,
1049 579 1480 651 Ptolemaeum
1522 606 1745 676 regem
1770 605 1809 649 a
1842 584 1919 650 C.
1959 583 2225 651 Caesare
2240 567 2291 620 ⁷³
2321 584 2772 680 interemptum

644 689 1002 761 ulciscente
1019 686 1256 778 liberto
1266 673 1318 725 ⁷⁴
1337 686 1701 756 AEdemone
1720 740 1739 772 ‚
1764 675 2437 783 refligientibusque⁷⁵
2464 691 2774 779 barbariS‚

645 812 920 867 ventum
936 809 1198 865 constat
1220 792 1304 863 ad
1324 808 1621 861 montem
1651 791 2005 862 Atlantem.
2036 796 2183 865 Nec
2203 795 2421 864 solum
2441 796 2774 867 consulatu

645 903 1010 995 perfunctis
1030 949 1049 985 ‚
1090 914 1288 994 atque
1326 924 1363 967 e
1399 914 1637 968 senatu
1663 899 1943 969 ducibus
1963 954 1984 987 ‚
2016 902 2130 994 qui
2163 892 2305 970 tum
2339 927 2445 972 res
2489 928 2733 998 gessere
2756 955 2776 989 ,

643 1007 760 1076 sed
834 1007 1167 1102 equitibus
1235 1003 1503 1099 quoque
1574 1031 1741 1074 rom.
1814 1007 1928 1100 qui
1994 1031 2075 1074 ex
2138 1032 2219 1075 eo
2282 1008 2604 1102 praefuere
2651 1010 2779 1097 ibi,

644 1112 977 1183 Atlantem
1031 1126 1409 1207 penetrasse
1465 1112 1535 1179 in
1593 1109 1805 1207 gloria
1854 1111 1999 1181 fuit.
2044 1100 2435 1207 Quinque⁷⁶
2478 1129 2626 1185 sunt
2653 1110 2677 1200 (
2707 1130 2781 1184 ut

641 1208 974 1311 diximus)
996 1244 1161 1288 rom.
1184 1217 1457 1286 coloniae
1484 1218 1554 1285 in
1576 1241 1655 1285 ea
1670 1218 2015 1312 provincia
2030 1271 2049 1304 ‚
2084 1221 2522 1315 perviumque
2536 1221 2583 1261 ⁷⁷
2611 1220 2782 1290 fama

642 1326 852 1394 videri
877 1339 1114 1421 potest.
1145 1323 1275 1394 Sed
1298 1323 1363 1391 id
1394 1321 1787 1418 plerumque
1814 1322 2309 1394 fallacissimum
2336 1329 2778 1421 experimento

641 1430 1161 1527 deprehenditur
1217 1455 1233 1498 :
1293 1430 1446 1523 quia
1490 1429 1844 1525 dignitates
1861 1414 1944 1518 ⁷⁸,
2003 1456 2211 1524 quum
2254 1431 2570 1527 indagare
2620 1458 2778 1502 vera

640 1540 894 1633 pigeat,
936 1537 1325 1632 ignorantiae
1361 1535 1621 1629 pudore
1663 1537 1930 1604 mentiri
1974 1561 2111 1604 non
2156 1537 2339 1632 piget
2372 1563 2388 1606 ε
2436 1538 2610 1607 haud
2646 1538 2773 1607 alio

644 1644 797 1712 fidei
827 1645 1139 1738 proniore
1169 1640 1395 1737 lapsu,
1429 1666 1628 1735 quam
1657 1641 1772 1709 ubi
1805 1640 1984 1711 falsae
2013 1644 2109 1710 rei
2149 1644 2375 1736 gravis
2407 1661 2636 1714 auctor
2670 1670 2781 1714 ex-

645 1752 834 1819 sistit.
880 1753 971 1819 Et
1023 1749 1290 1843 quidem
1335 1748 1556 1817 minus
1600 1749 1805 1816 miror
1841 1748 2258 1844 incomperta
2300 1750 2599 1844 quaedam
2640 1776 2780 1821 esse

643 1858 963 1951 equestris
991 1856 1240 1924 ordinis
1268 1855 1429 1922 viris
1453 1905 1473 1938 ‚
1513 1853 1656 1946 jam
1699 1877 1859 1922 vero
1900 1868 1966 1922 et
2003 1870 2308 1923 senatum
2345 1856 2503 1925 inde
2543 1859 2785 1926 intran-

644 1961 912 2047 tibus⁷⁹‚
966 1986 1166 2055 quam
1226 1958 1553 2044 luxuriae5
1625 1959 1815 2053 cujus
1857 1959 2313 2030 efficacissima
2358 1963 2461 2031 vis
2515 1964 2786 2033 sentitur

645 2081 843 2162 atque
904 2068 1219 2145 maxima,
1265 2091 1474 2159 quum
1515 2065 1702 2134 ebori
1729 2068 2047 2160 'citroque
2088 2066 2268 2137 silvae
2306 2070 2735 2163 exquirantur
2766 2123 2786 2154 ‚

646 2198 878 2243 omnes
916 2173 1169 2268 scopuli
1205 2170 1450 2241 Gaetuli
1478 2172 1842 2240 muricibus
1880 2196 1959 2241 ac
2004 2174 2341 2267 purpuris.

753 2280 1093 2374 Indigenae
1136 2290 1361 2347 tamen
1397 2276 1674 2348 tradunt
1711 2279 1778 2347 in
1825 2302 1943 2346 ora
1982 2277 2064 2347 ab
2104 2277 2259 2348 Sala
2300 2294 2572 2350 centum
2602 2282 2787 2375 quin·

730 2481 824 2550 73.
853 2481 908 2532 A
945 2477 1005 2533 C.
1045 2479 1255 2533 Coesam.
1291 2477 1679 2532 Germanicifi·
1767 2478 1931 2543 sules,
1964 2491 2249 2550 praetores,
2283 2480 2484 2551 quibua
2516 2492 2591 2533 est
2624 2478 2790 2533 admi·

650 2560 925 2631 lio‚quem
945 2560 1242 2630 Caligulam
1257 2569 1478 2621 vocant,
1510 2569 1573 2610 ut
1598 2555 1679 2610 di·
1763 2556 2026 2610 nistrandi
2040 2559 2198 2623 belli,
2223 2559 2625 2631 provinciaque
2637 2560 2790 2614 simul

651 2653 796 2693 etum
825 2652 901 2692 est
931 2640 1095 2709 paulo
1120 2652 1259 2691 ante.
1292 2638 1477 2689 Hann·
1766 2636 2050 2690 lustrandae
2083 2656 2211 2690 cura
2245 2637 2581 2693 demandata.
2604 2639 2673 2693 H.

736 2732 828 2789 74.
849 2718 1057 2770 Libet-to.
1081 2717 1354 2771 Ptolemaei
1366 2716 1503 2788 regis
1519 2715 1675 2769 Mau·
1849 2735 1943 2785 79.
1973 2718 2049 2769 Ee
2072 2729 2288 2770 senatum
2322 2718 2436 2770 inde
2479 2718 2785 2772 intrantibus.

651 2799 980 2863 ritaniarum.
1005 2795 1189 2849 Hau).
1766 2794 1968 2848 Locum
1991 2795 2138 2850 hunc
2155 2797 2317 2849 Plinii
2331 2795 2588 2862 editores,
2610 2810 2788 2852 eontra

734 2878 830 2947 75.
857 2877 1242 2947 Refugientibus.
1266 2872 1677 2929 MaluissetDal.
1763 2874 1921 2928 MSS.
1957 2876 2199 2928 omnium
2236 2875 2439 2941 fidem,
2479 2880 2611 2950 Reg.
2647 2896 2705 2943 1,
2740 2898 2787 2942 a,

646 2957 1048 3029 profugientibus.
1072 2955 1175 3010 Ευ.
1765 2954 1922 3008 Colh.
1954 2972 1977 3006 1
1998 2992 2015 3019 ‚
2052 2974 2080 3008 a
2099 2993 2115 3019 ,
2136 2956 2302 3009 Paris.
2323 2969 2378 3009 et
2398 2957 2582 3010 Chim.
2607 2958 2684 3010 sic
2709 2958 2788 3010 in·

735 3040 830 3104 76.
867 3037 1091 3107 Quinque
1123 3048 1251 3090 sum.
1284 3036 1367 3088 En
1405 3032 1534 3106 quid
1584 3052 1677 3086 ro-

652 3134 807 3168 mana
833 3133 980 3168 arma
1015 3115 1340 3186 profecerint
1367 3133 1380 3167 :
1431 3111 1678 3166 deducto

650 3195 850 3248 scilicet
873 3194 1094 3248 colonia
1122 3194 1365 3266 quinque
1393 3211 1407 3246 ε
1443 3191 1674 3262 Augusti

650 3287 789 3328 tres:
830 3275 864 3326 J
870 3274 975 3326 ulia
1003 3273 1311 3327 Constantia
1337 3273 1498 3325 Zilis:
1530 3272 1673 3324 Julia

649 3353 972 3425 Campestris
999 3353 1180 3406 Babba
1209 3372 1224 3405 :
1251 3355 1285 3406 J
1288 3353 1394 3405 ulia
1426 3351 1675 3405 Valentia

648 3436 864 3487 Banasa.
892 3432 1101 3485 Claudii
1127 3429 1557 3486 duae:Traducta
1576 3432 1610 3483 J
1615 3450 1676 3483 u-

647 3514 722 3567 lia
745 3513 932 3584 Tingis
948 3553 963 3579 ,
990 3524 1044 3565 et
1074 3512 1250 3565 Lixos.
1272 3510 1447 3561 Hm».

733 3611 824 3662 77.
848 3593 1176 3663 Peroiumque.
1215 3592 1395 3645 Dalec.
1433 3592 1675 3661 pervium-

649 3691 740 3742 que
795 3674 967 3739 sama.
1016 3670 1120 3724 En.
1146 3677 1266 3722 1,-
1318 3669 1675 3740 subintellige

650 3751 937 3804 Atlantem.
969 3751 1127 3803 Ultra
1163 3763 1427 3813 montem,
1462 3749 1670 3820 inquit,

649 3829 898 3900 progredi
928 3832 1005 3884 fas
1027 3844 1106 3884 est
1121 3829 1179 3883 in
1193 3828 1454 3883 interiora
1465 3829 1669 3900 Libye,

649 3908 817 3962 videri
841 3912 948 3979 jam
981 3921 1154 3980 potest
1183 3910 1322 3962 fama
1354 3909 1467 3977 ipsa
1494 3922 1546 3961 et
1576 3927 1670 3961 au-

644 4001 853 4041 ctorum
874 3987 979 4041 fide
1009 4003 1234 4043 certum.
1277 3987 1455 4038 Hun.

728 4070 818 4137 78.
835 4069 1132 4138 Dignitates.
1164 4068 1520 4139 Magistratus,
1541 4084 1669 4119 oon-

1765 3033 2120 3104 terpolarant,
2146 3047 2194 3087 et
2219 3038 2452 3088 senatorii
2465 3077 2480 3101 ,
2506 3037 2787 3089 m’lu’ldemi·

1765 3113 1983 3166 rantibus
2012 3133 2152 3185 quam
2179 3115 2444 3180 hauriam,
2470 3129 2569 3168 etc.
2595 3117 2784 3187 quibus

1762 3192 1939 3245 verbis
1964 3211 2063 3246 nec
2083 3194 2232 3258 salis,
2278 3213 2379 3248 nec
2411 3195 2640 3249 rationis
2665 3215 2787 3267 pro-

1762 3271 2022 3325 bahilisve
2046 3274 2323 3326 sententie
2338 3311 2351 3331 .
2380 3274 2518 3327 mim
2543 3275 2653 3329 ulla
2674 3276 2785 3328 sub-

1763 3363 1860 3404 est.
1894 3350 1997 3406 En.
2020 3385 2099 3394 —
2121 3353 2305 3406 Minus
2323 3351 2578 3425 equidem
2608 3356 2786 3413 miror,

1764 3430 1940 3502 inquit
1956 3469 1974 3495 ,
2010 3432 2343 3503 incomperta
2395 3432 2643 3504 quedem
2682 3419 2785 3487 esse

1761 3510 2018 3580 equestris
2041 3510 2247 3564 ordinis
2269 3511 2415 3578 viris,
2436 3526 2528 3566 aut
2546 3514 2703 3567 etiam
2724 3513 2783 3565 iis

1761 3590 1854 3660 qui
1895 3608 1960 3643 ex
1993 3590 2223 3661 equestri
2251 3591 2308 3643 in
2340 3593 2670 3646 senatorium
2701 3611 2783 3645 or·

1759 3666 1941 3722 dinem
1983 3682 2326 3741 cooptantur,
2378 3689 2545 3743 quam
2571 3673 2786 3726 luxurie

1760 3747 1966 3819 aliquid
2028 3768 2139 3802 esse
2185 3747 2364 3803 adhuc
2393 3751 2729 3823 impervium
2766 3769 2779 3803 :

1760 3830 1913 3897 cujus
1938 3829 2183 3900 sagacitas
2212 3841 2294 3882 eat
2328 3829 2528 3884 eximia
2556 3872 2573 3898 ,
2594 3845 2707 3885 tum
2725 3829 2777 3882 in

1760 3907 2100 3980 exquirendis
2123 3908 2294 3970 silvis,
2318 3908 2468 3963 unde
2495 3923 2551 3964 et
2577 3913 2783 3965 arbore·

1757 3986 1903 4051 citri,
1931 4000 1984 4041 et
2013 3987 2425 4058 elephantorum
2465 3991 2605 4044 ebur
2641 3988 2783 4044 adve-

1756 4065 1938 4123 hitur:
1970 4081 2084 4122 tum
2107 4067 2163 4120 in
2190 4067 2466 4123 littoribus
2492 4067 2781 4138 obeundis„
