2950 5017
563 436 705 524 [250

1111 441 1186 509 C.
1239 436 1577 509 PLINII
1628 436 1838 509 NAT.
1893 440 2147 507 HIST.

563 572 798 668 procul
823 574 1097 643 Oceano
1121 562 1360 659 habet,
1395 571 1547 643 lacu
1585 574 1891 668 protinus
1934 580 2316 668 stagnante,
2343 586 2545 668 quem
2580 598 2695 644 vo·

565 694 722 749 cant
765 678 1071 751 Nilidem.
1109 678 1214 747 Ibi
1253 666 1511 773 pisces⁴
1550 681 1973 774 reperiuntur
2018 678 2323 768 alabetae,
2368 683 2687 751 coracini
2676 734 2697 765 ,

565 785 766 855 siluri.
777 770 1229 915 6Crocodilus-1³⁵
1263 808 1531 879 quoque
1559 784 1713 855 inde
1744 785 1833 855 ob
1874 800 2343 880 argumentum
2376 787 2512 856 hoc
2548 791 2697 857 Cae-

565 876 803 961 sareae⁶
843 894 910 961 in
951 890 1139 960 Iseo⁷
1181 890 1436 960 dicatus
1476 891 1563 960 ab
1598 914 1679 960 eo
1720 905 2059 1010 spectatur
2103 890 2328 961 hodie.
2374 894 2697 963 Praeterea

565 998 990 1067 observatum
1017 1010 1152 1083 est,
1177 1012 1380 1092 prout
1411 997 1476 1065 in
1510 999 1912 1066 Mauritania
1937 998 2123 1067 nives
2150 999 2485 1068 imbresve
2513 1000 2701 1069 satia·

563 1090 819 1173 verint⁸
835 1105 984 1191 ,ita
1013 1101 1240 1175 Nilum
1282 1105 1670 1173 increscere.
1712 1106 1815 1172 Ex
1849 1102 1983 1172 hoc
2010 1102 2158 1173 lacu
2186 1104 2502 1199 profusus
2536 1104 2703 1174 indi·

563 1224 806 1303 gnatur
837 1210 1042 1279 fluere
1087 1234 1208 1303 per
1245 1233 1525 1279 arenosa
1559 1223 1627 1278 et
1654 1207 2057 1303 squalentia,
2086 1209 2447 1305 conditque
2480 1234 2554 1281 se
2582 1209 2702 1279 ali-

560 1331 726 1408 quot
748 1315 1010 1385 diertim
1036 1316 1290 1385 itinere.
1319 1318 1486 1385 Mox
1514 1314 1647 1384 alio
1678 1313 1827 1385 lacu
1864 1315 2150 1409 majore,
2184 1318 2257 1385 in
2282 1318 2711 1387 Caesariensis

559 1420 1012 1491 Mauritaniae⁹
1087 1436 1285 1515 gente
1341 1419 1795 1516 Masaesylum
1840 1422 2173 1517 erumpit,
2234 1437 2307 1491 et
2352 1423 2705 1492 hominum

559 1595 791 1668 quodam
839 1596 970 1649 oriri
1016 1614 1138 1648 eum
1185 1596 1438 1667 exponit,
1493 1596 1588 1667 qui

561 1677 691 1729 situs
717 1676 771 1728 in
790 1676 1112 1728 Mauritania
1137 1674 1408 1747 despectat
1425 1674 1592 1730 Ocea-

559 1774 694 1808 num
709 1774 724 1809 ε
739 1754 934 1826 hisque
953 1754 1168 1808 indiciis
1181 1756 1291 1807 hoc
1309 1753 1591 1827 proditum

562 1836 633 1889 ai't
651 1867 670 1895 2
695 1832 842 1906 quod
869 1836 1040 1903 pisces
1065 1848 1118 1888 et
1137 1835 1355 1898 herbae,
1391 1846 1446 1887 et
1482 1834 1593 1887 bel·

565 1916 670 1966 lua
696 1914 910 1976 similes,
923 1930 1021 1985 per
1035 1932 1122 1966 eas
1133 1912 1356 1985 paludes
1365 1913 1593 1983 gignun-

564 2006 668 2046 tur.
703 2018 724 2039 ι
758 1994 842 2045 Ita
869 1993 1027 2045 etiam
1064 1992 1380 2063 xiphilinus
1417 1994 1474 2044 in
1499 1993 1593 2045 Se-

563 2092 714 2136 vero,
759 2071 952 2142 aliique
973 2111 988 2136 ‚
1035 2072 1223 2125 Nilum
1262 2071 1487 2125 eliciunt
1529 2088 1594 2124 ex

567 2152 778 2205 Atlante
807 2162 1009 2204 monte.

651 2237 704 2295 4.
732 2231 812 2283 Ibi
829 2232 1000 2301 pisces.
1015 2232 1098 2283 De
1117 2230 1311 2303 quibus
1333 2230 1442 2283 suis
1462 2228 1594 2283 locis

569 2310 766 2364 dicturi
808 2326 988 2362 sumus
1011 2310 1108 2362 lib.
1137 2310 1219 2361 lx
1263 2320 1320 2361 et
1357 2310 1593 2362 xxxu.

571 2394 652 2443 De
691 2390 893 2443 alabete
927 2388 1211 2460 privatim,
1239 2401 1294 2441 et
1314 2388 1595 2453 coracino,

569 2470 684 2522 Nili
719 2467 987 2539 pinibus,
1017 2469 1235 2533 Strabo,
1277 2468 1371 2521 lib.
1402 2466 1597 2533 XVII,

569 2569 628 2619 p.
654 2550 784 2602 823.
813 2546 994 2598 Huni).

648 2626 699 2680 5.
733 2628 1015 2681 Crocodilus
1034 2644 1220 2697 quoquc
1237 2626 1366 2678 iude.
1393 2626 1598 2679 Cro'co·

573 2706 715 2760 dilus
745 2724 962 2778 quoque
1003 2705 1243 2769 idcirco,
1281 2705 1489 2777 inquit,
1528 2703 1597 2757 ad

573 2786 832 2839 indicium
887 2786 1050 2857 hujus
1092 2785 1173 2838 rei
1218 2783 1597 2856 probendum,

575 2877 818 2937 repertus
844 2864 901 2916 in
935 2882 1000 2917 eo
1027 2864 1148 2917 lacu
1165 2902 1181 2929 ,
1227 2882 1258 2917 a
1305 2864 1446 2917 ana
1474 2882 1599 2934 rege

574 2944 782 2997 dicatus
821 2955 898 2996 est
951 2944 1008 2995 in
1062 2942 1220 2996 Isidis
1269 2944 1499 3015 templo,
1546 2956 1599 2996 et

575 3034 934 3088 consecratus,
955 3024 1222 3077 Caesareae.
1235 3022 1306 3076 Η.
1328 3052 1408 3063 -—
1433 3022 1601 3074 Miras

577 3105 706 3156 huic
754 3104 875 3155 loco
928 3103 1170 3155 tenebras
1209 3101 1435 3167 offudit,
1483 3112 1598 3153 tum

577 3182 1019 3254 interpolatorum
1038 3180 1256 3235 andacia
1273 3220 1290 3245 ‚
1307 3180 1599 3233 tumetium

579 3263 932 3333 interpretum
977 3262 1146 3313 nimia.
1185 3260 1463 3314 subtilitas.
1512 3260 1601 3313 sic

579 3342 724 3394 enim
755 3342 810 3394 in
837 3338 994 3393 editis
1017 3340 1170 3393 libris
1197 3340 1407 3410 legitur,
1433 3340 1601 3392 inter-

579 3420 870 3491 punctione
907 3419 1066 3472 etiam
1109 3430 1432 3491 proponere
1452 3419 1599 3471 loca-

579 3514 630 3552 ta
643 3518 656 3552 t
675 3526 698 3548 «ι
709 3500 792 3552 Ibi
805 3499 973 3571 pisces
983 3500 1330 3570 reperiuntur
1349 3497 1594 3551 alabetae:

579 3579 837 3642 coracini,
869 3578 1037 3643 siluri,
1049 3576 1347 3631 crocodilus
1364 3594 1597 3649 quoqne.

579 3659 714 3711 Inde
737 3658 808 3711 ob
836 3669 1203 3727 argumentum
1233 3658 1338 3711 hoc
1373 3657 1488 3711 Nili
1508 3670 1599 3708 or-

580 3752 663 3791 tus
693 3736 960 3800 creditus,
993 3737 1242 3791 Coesareae
1279 3738 1339 3789 in
1365 3738 1485 3789 Iueo
1514 3734 1600 3787 di-

579 3832 728 3871 catus
761 3818 830 3869 ab
854 3834 920 3869 eo
940 3826 1209 3887 spectatur
1231 3814 1412 3870 hodic.
1443 3840 1468 3863 ι
1494 3818 1598 3867 Λᾶ·

577 3896 766 3948 didere
802 3897 1207 3967 interpolatores
1251 3897 1366 3949 haec
1400 3895 1561 3947 verba
1580 3933 1596 3957 ,

577 3978 689 4028 Nili
712 3988 846 4029 ortus
867 3976 1092 4039 creditus,
1111 3990 1270 4047 atquc
1295 3994 1326 4028 c
1356 3974 1597 4045 margine

570 4056 822 4125 glossema
865 4057 1233 4126 importunum
1280 4056 1334 4108 in
1385 4054 1593 4126 perspi·

1676 1612 1829 1648 cuam
1845 1612 1944 1665 per
1960 1613 2017 1647 se
2030 1594 2155 1666 plan
2162 1594 2246 1647 issi
2252 1613 2505 1667 mamque
2518 1595 2712 1649 oratio-

1676 1675 1761 1727 nis
1811 1674 1999 1727 seriem
2050 1686 2459 1727 uansvexerunt
2487 1692 2506 1727 τ
2564 1674 2709 1747 quod

1678 1762 1941 1826 nusquam
1974 1754 2031 1805 in
2072 1752 2225 1807 MSS.
2258 1749 2587 1825 'compar-et,
2612 1772 2712 1808 nec

1677 1834 1807 1905 Reg.
1844 1850 1896 1898 r,
1934 1848 1990 1893 2,
2016 1833 2172 1886 colb.
2214 1850 2267 1897 1,
2300 1850 2353 1903 π,
2376 1834 2545 1887 Paris.
2577 1852 2711 1905 quos

1679 1912 1826 1977 vidi,
1850 1924 2029 1984 neque
2055 1912 2114 1964 in
2142 1912 2317 1965 Tolet.
2352 1924 2407 1965 et
2447 1912 2711 1967 Salmant.

1678 2009 1814 2063 quos
1840 1992 2136 2058 Pintianus,
2158 2010 2334 2062 neque
2362 1992 2419 2043 in
2446 1992 2567 2045 aliis
2578 2010 2713 2063 quos

1678 2071 1964 2125 Salmasius
1988 2068 2171 2124 laudat
2210 2070 2267 2123 in
2296 2071 2471 2125 Solin.
2492 2088 2550 2142 p.
2578 2072 2711 2135 415.

1678 2147 1785 2203 Sed
1820 2162 1875 2203 et
1906 2149 2222 2221 interpretes
2256 2148 2407 2203 haud
2432 2168 2567 2203 cane
2594 2151 2712 2203 feli-

1680 2229 1815 2283 citer
1842 2230 1900 2282 in
1929 2229 2035 2282 hoc
2070 2229 2187 2283 loco
2219 2243 2455 2284 versatos
2490 2248 2606 2283 esse
2629 2230 2713 2282 in·

1681 2308 1889 2380 telligo,
1902 2324 2071 2378 quum
2086 2308 2255 2380 ipsius
2266 2308 2412 2362 lacus
2436 2308 2709 2377 picturam

1682 2387 1968 2441 Salmasius
1994 2389 2049 2440 in
2076 2406 2140 2440 eo
2172 2388 2374 2459 templo
2406 2386 2711 2441 dedicatam

1682 2484 1819 2530 esse,
1838 2466 2185 2519 Hermolaum
2212 2478 2423 2520 secutus
2444 2468 2679 2521 affirmat
2692 2486 2709 2519 τ

1682 2544 1831 2616 quod
1860 2544 1931 2599 de
1952 2562 2080 2599 vero
2103 2544 2374 2599 crocodilo
2394 2546 2604 2601 ibidem
2628 2565 2712 2599 re·

1680 2636 1856 2696 perto,
1880 2644 1943 2679 ac
1962 2624 2305 2695 postmodum
2332 2626 2390 2677 in
2416 2625 2579 2679 Isidis
2602 2624 2714 2679 εδι-

1680 2722 1937 2776 appenso,
1964 2702 2033 2757 ad
2063 2704 2378 2757 memoriam
2406 2706 2490 2757 rei
2514 2706 2713 2777 sempi-

1684 2795 1891 2836 ternam
1914 2783 2110 2854 accipi,
2127 2782 2341 2854 dicique
2358 2785 2627 2853 oportuit.
2642 2786 2712 2837 H.

1764 2868 1817 2916 6.
1843 2862 2099 2917 Caesmae.
2141 2863 2277 2927 Quae
2314 2880 2463 2917 nunc
2500 2865 2708 2927 Vacat,

1686 2954 1751 2994 nt
1774 2940 2023 2995 diximus.
2043 2943 2225 2995 mnu.

1764 3040 1824 3092 7.
1870 3022 1933 3073 In
1975 3022 2101 3074 Iseo.
2140 3010 2295 3075 Ῑσιιον
2326 3020 2485 3075 Isidis
2524 3024 2713 3076 fanum

1684 3101 1867 3153 vocari
1890 3101 1967 3153 ait
1982 3101 2313 3162 Plutarchus,
2338 3100 2433 3155 lib.
2456 3100 2527 3155 de
2552 3102 2716 3169 Iside,

1684 3197 1802 3251 pag.
1832 3178 1959 3233 352.
1990 3179 2117 3233 Fuit
2142 3192 2197 3233 et
2236 3180 2412 3233 Iseum
2450 3182 2639 3235 Romae
2660 3195 2717 3235 et

1684 3258 1975 3329 Serapeum
1994 3298 2011 3324 ,
2057 3260 2221 3312 Urbis
2272 3260 2491 3329 regione
2538 3280 2682 3314 nona
2696 3300 2713 3325 ,

1682 3338 1827 3409 apud
1850 3339 1910 3391 P.
1935 3339 2239 3405 Victorem,
2268 3339 2324 3391 in
2352 3338 2721 3413 descriptione

1686 3419 1885 3470 Romae.
1907 3417 2092 3471 Eun.

1766 3502 1822 3554 8.
1848 3496 2161 3550 Satiaoert'nt.
2188 3497 2307 3550 Hoc
2336 3508 2417 3551 est
2432 3537 2449 3563 ,
2472 3498 2723 3554 abunda·-

1685 3576 1879 3630 verint.
1895 3578 1977 3629 Ita
1992 3576 2117 3628 libri
2140 3594 2344 3629 omnes.
2370 3578 2725 3649 proponebat

1688 3654 1997 3727 Dalecamp.
2030 3660 2365 3710 sauciaverint.
2393 3658 2580 3711 Refert
2602 3660 2725 3714 hec

1687 3748 1907 3806 quoque
1944 3735 2176 3798 Solinus,
2218 3752 2337 3806 cap.
2376 3754 2557 3799 xxxa.
2594 3756 2723 3810 pag.

1690 3816 1782 3883 59.
1809 3814 1875 3866 Η.
1910 3826 1964 3868 et
1990 3815 2091 3869 Eo.

1770 3912 1826 3962 9.
1885 3895 1949 3946 In
2002 3895 2315 3947 Caesariensis
2360 3895 2693 3949 Maus-itanioe
2706 3936 2725 3959 ,

1684 3987 1785 4026 etc.
1808 3973 2132 4029 Mauretania
2152 3992 2249 4045 per
2276 3998 2302 4026 e
2326 3992 2544 4047 semper
2562 3977 2729 4029 habet

1683 4052 1867 4107 Chim.
1889 4055 2087 4106 Daue.
