2950 5017
1079 428 1385 498 LIBER
1435 430 1569 499 VI.

2257 453 2396 526 7¹7

258 565 437 634 Nam
500 577 568 632 et
614 563 829 657 ipsum
882 561 1101 628 sinum
1152 560 1360 629 nostri
1412 559 1837 629 AElaniticum
1894 560 2252 655 scripsere,
2289 564 2400 632 alii

260 669 697 738 AElenaticum
714 722 734 755 ,
752 665 1213 735 Artemidorus
1230 651 1282 690 ³⁶
1306 664 1698 736 Aleniticum
1713 719 1734 753 ,
1751 668 1788 734 J
1791 665 1923 734 uba
1946 668 2400 739 Laeaniticum.

264 759 661 845 Circuitus³⁷
705 773 962 843 Arabiae
1010 797 1050 840 a
1093 772 1396 842 Charace
1442 775 1686 842 Iaeana
1730 771 2040 866 colligere
2421 759 2430 766 ’

260 881 653 985 quadragies
664 864 717 904 ³⁸
746 879 983 973 septies
1018 892 1298 947 centena
1325 863 1530 948 Lxx³⁹
1557 903 1636 948 n.
1669 881 1708 948 J
1713 878 1842 947 uba
1876 877 2078 972 paulo

2095 773 2404 911 proditur

2125 878 2150 903 ⁰
2181 881 2407 954 minus

262 1010 360 1054 xx.
400 1001 609 1082 putat.
658 986 1005 1056 Latissima
1043 999 1145 1054 est
1183 1008 1223 1052 a
1264 986 1737 1078 septemtrione
1775 986 1966 1082 inter·
1991 985 2240 1080 oppida
2261 991 2404 1057 He-

264 1118 459 1162 roum
505 1107 575 1162 et
614 1092 986 1162 Characem
1009 1077 1080 1159 ⁴¹.

372 1200 569 1267 Nunc
604 1212 672 1266 et
699 1196 950 1292 reliqua
970 1194 1451 1265 mediterranea
1478 1196 1620 1290 ejus
1647 1196 1972 1266 dicantur.
1999 1197 2336 1268 Nabataeis
2353 1185 2403 1228 ⁴²

261 1304 665 1374 Thimaneos
676 1289 727 1336 ⁴³
741 1303 1104 1398 junxerunt
1127 1303 1440 1371 Veteres:
1467 1328 1647 1372 nunc
1679 1317 1836 1372 sunt
1859 1290 2200 1388 Taveni⁴⁴,
2219 1303 2407 1374 Suel·

266 1409 398 1480 leni
419 1464 439 1497 ,
478 1411 799 1480 Arraceni
812 1394 862 1440 ⁴⁵
876 1462 896 1495 ,
936 1410 1141 1478 Areni
1158 1395 1181 1439 ⁴

265 1601 525 1672 aliisque,
561 1581 786 1655 ᾎῖλανον.
840 1597 1043 1653 Notitia
1083 1596 1295 1670 imperii

264 1680 368 1734 sub
378 1679 514 1734 duee
542 1679 821 1734 Palestinae
840 1717 855 1744 ,
878 1680 1024 1731 Aila.
1052 1677 1218 1731 Unde
1242 1689 1299 1731 et

267 1761 459 1813 Petrus
498 1759 751 1824 Ailensis,
794 1758 851 1811 in
880 1759 1050 1811 Cone.
1080 1757 1201 1811 Nic.
1242 1757 1297 1822 1,

268 1839 415 1892 inter
451 1839 727 1910 episcopos
770 1837 1093 1902 Palaestinae,
1153 1837 1298 1890 Stra-

266 1918 431 1982 boni,
451 1918 555 1971 fib.
592 1917 756 1982 XVI,
782 1935 905 1988 pag.
940 1919 1053 1986 768
1070 1953 1088 1980 ,
1114 1904 1300 1969 ἑλανα.

268 1997 340 2050 Η.
374 2029 453 2040 -—
480 1996 805 2050 Etiamnunc
828 1996 987 2050 Anah
1018 1995 1129 2050 sive
1155 1995 1299 2049 Aka-

270 2078 337 2128 ba
359 2079 445 2130 ita.
470 2078 575 2130 En.

356 2155 450 2210 36.
476 2155 813 2208 Artemidorus
835 2153 1149 2207 Alenitiaam.
1184 2154 1303 2208 Ela-

270 2235 501 2288 niticum
544 2235 759 2307 potius,
802 2253 865 2288 ex
912 2233 1303 2304 Agathemero,

273 2315 371 2385 qui
424 2313 755 2369 Artemidori
812 2314 1083 2386 epitomen
1140 2313 1267 2366 fecit
1287 2351 1304 2377 ,

272 2394 473 2466 Geogr.
502 2413 621 2466 cap.
664 2395 722 2458 3,
752 2382 1055 2446 ἐλανιτικόν.
1080 2399 1302 2446 Tantam

275 2475 457 2528 attulit
486 2475 543 2528 in
566 2492 627 2526 ea
653 2491 785 2525 voce
808 2473 1081 2544 scripturae
1112 2473 1305 2524 incon·

272 2553 554 2618 stantiam,
578 2553 815 2606 Arabum
833 2591 849 2616 ,
874 2553 1130 2623 Syrorum
1150 2592 1165 2614 ,
1196 2553 1305 2604 He-

274 2634 658 2704 braeornmque
691 2632 872 2684 varius
896 2629 1157 2685 efferendi
1188 2649 1306 2683 mo-

272 2711 377 2765 dus
393 2751 410 2777 ,
431 2731 590 2785 quem
610 2712 767 2765 affert
780 2711 1093 2776 Bochai-tus,
1106 2711 1303 2780 Geogr.

272 2804 427 2862 parte
464 2813 518 2858 τι,
545 2791 641 2845 lib.
662 2793 721 2854 1,
755 2807 869 2861 cap.
898 2797 1139 2861 44‚psg.
1172 2794 1305 2859 761.

274 2871 489 2936 strabo,
519 2871 639 2924 loco
665 2870 755 2923 cit.
784 2859 1022 2931 Ελανίτης
1050 2871 1219 2940 μυχός.
1236 2869 1304 2921 Η.

362 2951 458 3021 37.
488 2951 733 3004 Circuitus
768 2951 993 3002 Arabico.
1028 2949 1185 3002 Facta
1212 2967 1306 3000 na-

274 3030 548 3101 vigatione
589 3049 620 3082 a
661 3029 923 3092 Charace,
969 3027 1117 3099 quod
1149 3028 1305 3099 oppi-

275 3108 413 3163 dum
427 3108 605 3182 Tigris
630 3108 767 3162 ostio
784 3106 1006 3180 adjacet,
1026 3127 1127 3180 per
1142 3107 1309 3160 maria

278 3189 419 3254 tria,
462 3188 763 3252 Persicum,
810 3189 1055 3240 Rubrum
1072 3227 1088 3252 ,
1117 3188 1308 3240 Arabi·

278 3287 547 3341 cumque,
572 3265 640 3320 ad
671 3267 923 3320 intimum
950 3284 1116 3338 usque
1144 3267 1309 3338 hujus

282 3349 495 3412 sinum,
520 3345 887 3418 oppidumque
922 3347 1128 3400 Laeana.
1156 3353 1220 3399 Η.

366 3427 460 3482 38.
518 3427 829 3496 Quadragias
878 3428 1067 3497 septies.
1127 3427 1308 3479 Dulce.

280 3506 577 3588 qg-a-dmgia
602 3509 747 3558 octies
761 3543 778 3570 ,
812 3517 914 3558 ete.
942 3503 1313 3559 chiffletianus

282 3589 477 3640 XLVI.
506 3587 613 3638 En.
1144 3576 1153 3597 ⁸

358 3665 455 3733 39.
492 3667 648 3716 LXX.
686 3661 873 3718 Chim.
912 3667 1094 3716 LXVI.
1127 3663 1307 3717 Elzev.

284 3745 440 3796 LXV.
468 3743 573 3796 En.

368 3827 463 3886 4ο.
507 3822 667 3875 Paulo
712 3825 865 3874 vuinus
902 3809 1009 3876 ἷῘι.
1049 3823 1169 3876 Hoc
1205 3835 1310 3888 est,

282 3900 447 3973 paulo
482 3902 659 3954 minus
685 3900 1005 3974 quadragies
1042 3903 1275 3956 centenis
1291 3939 1310 3967 ,

288 3980 489 4034 scilieet
520 3997 619 4051 per
644 3981 851 4034 viarum
888 3982 1313 4053 navigationum-

288 4079 395 4131 que
416 4059 755 4132 compendia.
786 4060 967 4114 Ηιιιυ.

1183 1393 1251 1493 ⁶;
1279 1408 1638 1503 oppidum,
1669 1409 1736 1478 in
1772 1434 1906 1502 quo
1949 1410 2164 1478 omnis
2199 1435 2408 1506 nego-

1468 1605 1562 1660 41.
1592 1598 1873 1654 Characem.
1896 1601 2012 1654 Dal.
2042 1600 2290 1655 chrocam.
2307 1601 2412 1659 En.

1468 1684 1559 1743 4²·
1587 1678 1859 1732 Nabatae.
1876 1681 2126 1746 Quorum
2145 1680 2412 1752 oppidum

1384 1758 1565 1824 Petra,
1601 1770 1664 1810 ut
1687 1757 1895 1812 dictum
1923 1773 2001 1815 est
2032 1761 2278 1832 superius
2303 1762 2412 1816 hoc

1384 1835 1504 1906 ipso
1531 1855 1647 1908 cap.
1671 1839 1852 1892 Hnm.

1468 1917 1563 1980 43.
1595 1918 1897 1971 Thimaneos.
1939 1919 2278 1989 Βυθημανίους
2310 1939 2411 1973 vo-

1386 2005 1471 2046 cat
1504 1996 1950 2068 Agatharchides,
1994 1999 2094 2050 lib.
2124 1996 2194 2050 de
2224 1999 2412 2052 Rubro

1386 2076 1560 2139 mari,
1591 2093 1707 2147 cap.
1753 2076 1860 2141 45,
1897 2095 2019 2149 pag.
2057 2078 2238 2142 1368,
2269 2083 2414 2149 apud

1385 2154 1642 2207 Photium
1669 2156 1726 2206 in
1756 2157 1892 2209 Bibl.
1917 2154 2036 2209 cod.
2067 2157 2196 2211 250.
2223 2157 2291 2211 Η.

1470 2240 1565 2299 44.
1600 2235 1650 2286 T
1646 2238 1797 2288 avem‘.
1836 2235 1908 2288 Hi
1955 2247 2078 2288 sunt
2108 2235 2177 2288 de
2219 2236 2415 2308 quibus

1389 2312 1712 2367 Bardesanes
1749 2314 1894 2386 apud
1935 2316 2134 2374 Euseb.
2178 2316 2412 2388 Proper.

1386 2393 1484 2446 lib.
1503 2393 1619 2460 vl,
1645 2411 1699 2464 p.
1741 2412 1876 2465 ²77·
1911 2395 2081 2449 Ταινοὶ
2104 2391 2283 2457 (forte
2309 2414 2412 2467 pro

1389 2473 1617 2526 Ταουῖνσὶ
1631 2470 1652 2536 )
1665 2513 1681 2538 ,
1706 2474 2000 2545 Σαρακηνοὶ.
2029 2475 2216 2528 Ham).

1474 2551 1568 2616 45.
1598 2554 1857 2606 Arm-eni.
1903 2553 2162 2606 Sarraceni
2196 2552 2417 2626 quidem

1388 2630 1552 2684 habet
1575 2631 1739 2685 editio
1761 2634 2072 2687 Basileensis
2091 2635 2217 2686 anni
2245 2653 2266 2687 1
2282 2632 2415 2701 535,

1390 2722 1443 2763 et
1466 2711 1582 2762 aliae
1611 2729 1726 2764 eam
1757 2724 1968 2767 secuto.
2002 2712 2109 2766 Sed
2135 2713 2418 2768 retinenda

1390 2801 1542 2844 vetus
1559 2791 1744 2858 lectio,
1771 2811 1931 2864 quam
1950 2793 2203 2845 exhibent
2225 2791 2419 2846 editio-

1389 2887 1485 2922 nes
1509 2871 1716 2940 priores
1741 2889 1955 2935 omnes,
1987 2883 2040 2925 et
2078 2872 2207 2925 libri
2235 2891 2422 2926 mann·

1392 2948 1576 3020 scripti
1596 2967 1610 3001 :
1647 2962 1804 3021 atque
1829 2952 1886 3003 in
1913 2951 1997 3003 his
2019 2939 2236 3023 quidem
2259 2949 2370 3006 duo
2389 2971 2420 3006 e

1392 3029 1586 3080 nostris
1624 3045 1638 3080 ε
1689 3055 1713 3076 ι
1735 3029 1998 3095 Suelleni,
2037 3031 2261 3083 Araceni
2302 3023 2416 3098 (al.

1392 3107 1645 3160 Arraceni
1659 3103 1700 3172 ),
1760 3109 1924 3162 Areni
1954 3127 1967 3161 :
2023 3108 2288 3180 oppidum
2307 3148 2323 3175 ,
2362 3112 2420 3165 in

1393 3205 1502 3258 quo
1558 3187 1762 3253 omnis,
1809 3200 1912 3241 etc.
1950 3214 1970 3235 ι
2032 3190 2420 3244 Saracenorum

1393 3283 1592 3319 nomen
1631 3281 1755 3321 ante
1797 3267 1969 3320 Marci
2008 3266 2139 3338 imp.
2177 3282 2423 3340 tempora

1392 3345 1686 3400 innotuisse
1701 3358 1863 3418 negat
1886 3345 1920 3399 J
1922 3364 1998 3399 ac.
2028 3345 2392 3402 Gothofredus
2405 3389 2423 3413 ,

1394 3443 1451 3497 p.
1476 3445 1531 3494 9,
1552 3425 1609 3477 in
1635 3426 1777 3478 notis
1799 3424 1866 3479 ad
1894 3425 2114 3496 ἐξήγησιν
2145 3429 2422 3499 anonymi,

1396 3523 1558 3576 quem
1585 3505 1643 3557 in
1669 3505 1846 3558 lucem
1875 3503 2064 3558 edidit.
2105 3505 2263 3560 Nunc
2292 3525 2422 3561 vero

1395 3603 1594 3637 nomen
1636 3583 2016 3637 Saracenorum
2056 3582 2256 3638 dicitur
2310 3605 2424 3643 esse

1398 3665 1455 3716 in
1497 3664 1704 3716 oriente
1753 3663 2106 3734 incognitum.
2155 3666 2236 3717 De
2293 3666 2424 3722 falsa

1396 3742 1750 3813 originatione
1767 3743 1912 3796 vocis
1929 3741 2162 3796 Saraceni
2176 3763 2242 3797 ex
2259 3747 2424 3821 Σᾶῤῥα

1399 3827 1562 3888 dvm,
1595 3821 1720 3876 vide
1753 3823 2078 3875 Cotelerium
2101 3863 2118 3887 ,
2156 3825 2212 3875 in
2239 3844 2425 3881 monu-

1400 3901 1596 3954 mentis
1636 3902 1865 3955 ecclesiae
1895 3919 2094 3973 graecoe.
2137 3903 2320 3959 Hum.
2345 3939 2426 3950 —

1399 3979 1584 4035 Chiffl.
1611 3993 1780 4035 totum
1807 3981 1954 4035 hunc
1970 3983 2149 4034 locum
2169 3982 2244 4036 sic
2261 3985 2425 4059 legit:

1410 4085 1433 4108 «
1458 4061 1736 4114 Thabaeni
1762 4099 1778 4127 ,
1843 4061 2067 4116 Suellini
2085 4100 2100 4127 ‚
2163 4063 2430 4138 Anageni‚
