2950 5017
511 421 648 492 DE
695 421 928 492 SITU
977 369 1450 490 PARADISI
1500 419 2160 490 TERRESTRIS.
2267 417 2409 518 765

263 545 356 617 qui
383 543 552 597 homo
586 541 879 604 acceleret,
903 552 1083 612 posset
1107 558 1172 592 ex
1204 557 1270 594 eo
1309 537 1523 591 haurire
1558 537 1626 591 ad
1658 537 1913 611 rigandos
1938 537 2120 593 hortos
2158 559 2254 614 per
2290 541 2412 594 nni-

265 649 472 685 versam
507 632 651 684 illam
677 629 966 701 regionem.
997 626 1171 699 Turpi
1196 637 1250 680 et
1268 627 1418 698 gravi
1447 626 1697 679 labuntur
1722 645 1905 681 errore
1924 667 1940 690 ,
1963 628 2058 700 qui
2080 628 2194 682 sive
2218 629 2415 701 peritiae

266 720 324 772 in
344 719 568 772 Hebraeo
593 735 834 771 sermone
849 715 1177 770 ostentando
1196 733 1351 769 causa
1365 755 1382 783 ,
1405 714 1515 768 sive
1534 713 1636 767 alio
1655 713 2076 785 eonsili0,fhntis
2093 717 2416 770 vocabulum

269 807 510 860 hocloco
525 803 812 879 repudiant
824 843 842 869 ,
860 816 921 859 ut
937 823 1180 874 vaporem
1195 801 1474 857 inducant.
1494 800 1652 856 Vidit
1671 813 1825 856 acute
1840 803 2105 875 Vulgatus
2124 805 2414 877 Interpres,

269 907 382 976 'stt
409 909 478 956 ed
511 903 793 958 Heba-amm
812 940 829 965 ,
865 920 980 956 esse
999 903 1236 972 fontum·
1267 901 1468 975 quippe
1496 903 1841 974 conjunctum
1869 920 1993 955 cum
2027 903 2197 956 verbo
2221 908 2416 1010 ΠΡΨ

269 1011 484 1062 schanah
513 1008 764 1080 irrigare,
787 1006 937 1082 quod
962 1007 1014 1060 in
1040 1005 1203 1061 sacris
1229 1004 1409 1069 libris,
1436 1017 1497 1058 ut
1516 1003 1739 1058 inferius
1760 1007 2021 1060 ostensuri
2048 1026 2259 1070 sumus,
2288 1027 2424 1062 non·

273 1097 376 1150 nisi
407 1097 476 1150 de
502 1095 620 1149 rivo
656 1095 740 1150 vel
768 1114 928 1150 amne
964 1094 1159 1148 dicitur
1175 1130 1192 1158 ,
1220 1109 1372 1166 agros
1399 1103 1729 1166 permeante,
1755 1106 1810 1148 et
1845 1094 2047 1148 crebris
2082 1094 2422 1168 sinuosisque

273 1184 496 1238 flexibus
521 1183 735 1238 eosdem
760 1183 1034 1256 irrigante.
1068 1183 1137 1236 Et
1160 1201 1331 1255 quum
1367 1184 1573 1250 vaporis
1600 1199 1797 1236 nomen
1833 1183 1959 1236 alibi
1986 1195 2070 1238 ter
2094 1197 2343 1238 occurrat
2366 1184 2425 1238 in

277 1281 465 1336 iisdem
493 1281 674 1348 libris,
705 1298 967 1354 nusquam
992 1265 1088 1352 per
1110 1281 1222 1352 ἠιξ
1256 1283 1323 1332 ed
1343 1278 1609 1332 Hebraico
1633 1278 1973 1351 exprimitur.
2000 1282 2139 1336 Alias
2167 1293 2423 1354 proterea

277 1389 464 1423 causas
481 1409 497 1432 ,
521 1387 647 1423 sane
681 1387 868 1440 graves
900 1380 952 1421 et
979 1365 1183 1420 validas
1205 1403 1221 1429 ,
1259 1366 1607 1438 quamobrem
1632 1386 1797 1434 vapor
1824 1367 1911 1420 hic
1939 1367 2120 1441 inepte
2155 1383 2423 1443 ponatur,

277 1457 433 1510 affert
457 1457 699 1510 salianus
725 1455 783 1509 in
805 1454 1103 1508 Annalibus
1119 1494 1134 1520 ,
1159 1453 1230 1508 ad
1257 1454 1402 1508 diem
1429 1453 1618 1508 muudi
1640 1453 1881 1520 tertium,
1904 1475 2053 1511 num.
2082 1457 2166 1522 57.

351 1545 492 1598 Fons
525 1545 619 1598 ille
649 1544 850 1599 Paneas
883 1542 1015 1598 olim
1047 1544 1149 1597 fuit
1169 1581 1186 1606 ,
1219 1555 1272 1597 et
1296 1555 1376 1596 est
1399 1541 1699 1616 hodieque,
1726 1542 1873 1597 unde
1905 1544 2159 1598 ,Iordanis
2190 1543 2341 1614 fluit,
2366 1559 2431 1602 ut

281 1633 485 1687 Plinius
509 1631 782 1705 prodidit,
809 1653 857 1686 v.
891 1633 954 1686 15
979 1649 996 1686 ε
1023 1659 1050 1680 ι
1067 1631 1319 1686 Jordanis
1334 1631 1505 1686 amnis
1530 1630 1707 1686 oritur
1738 1650 1807 1686 ex
1836 1632 1983 1686 fonte
2015 1633 2295 1701 Paneade,
2330 1637 2427 1709 qui

281 1739 578 1794 cognomen
610 1718 758 1773 dedit
781 1719 1052 1774 Caesareo.
1074 1743 1098 1766 ι
1135 1719 1204 1772 Et
1230 1738 1346 1792 cap.
1383 1724 1446 1773 16
1465 1759 1484 1784 ,
1513 1738 1635 1790 pag.
1675 1719 2115 1786 263,Tetrarchia
2156 1721 2433 1789 -Paneas,

285 1809 342 1862 in
372 1826 481 1882 qua
509 1808 774 1875 Cosarea,
800 1826 929 1862 cum
957 1804 1264 1880 supradicto
1291 1806 1458 1860 sonte.
1477 1830 1502 1853 a
1532 1807 1601 1859 In
1626 1804 1980 1862 describendo
2009 1820 2133 1862 ortu
2157 1808 2437 1874 Jordnnin,

285 1909 344 1950 ut
369 1897 620 1950 mentitus
641 1914 754 1950 esse
777 1893 980 1948 Plinius
1005 1893 1426 1958 existimaretur,
1453 1910 1517 1946 ac
1538 1893 1775 1948 fortassis
1799 1912 1866 1948 ne
1875 1896 2006 1964 joas
2028 1895 2143 1958 ille,
2166 1899 2317 1969 cujus
2338 1897 2431 1952 hic

287 1985 462 2038 Moses
489 1983 757 2050 meminit,
781 1982 873 2038 ille
899 2001 1011 2037 esse
1035 1982 1369 2050 crederetur,
1397 1981 1545 2036 unde
1567 1980 1817 2036 Jordanis
1844 1984 2045 2049 oritur,
2074 1985 2193 2038 ficta
2222 1985 2433 2058 gemina

289 2073 466 2126 fabula
493 2087 604 2126 est:
626 2073 791 2126 altera
807 2109 822 2135 ,
851 2090 971 2146 quae
997 2072 1200 2126 fontem
1227 2072 1374 2125 hune
1395 2070 1577 2143 ipsum
1598 2068 1905 2124 Paneadem
1925 2090 1991 2125 ex
2016 2072 2266 2126 ulteriore
2286 2073 2435 2138 lacu,

291 2160 475 2215 Phiala
517 2160 788 2234 appellato
805 2197 823 2225 ,
851 2179 952 2232 per
977 2160 1352 2214 subterraneos
1391 2170 1601 2211 meatus
1624 2175 1906 2230 erumpere
1940 2160 2161 2231 fingeret
2187 2178 2203 2224 ς
2233 2161 2399 2214 altera
2416 2197 2436 2226 ,

289 2267 410 2320 quo
437 2268 504 2302 ex
528 2247 738 2320 gemino
762 2247 909 2301 sonte
935 2247 1155 2318 prodire
1177 2246 1321 2300 huuc
1347 2263 1563 2300 amnem
1587 2245 1839 2310 referret,
1863 2263 2090 2318 quorum
2122 2249 2217 2301 uni
2238 2267 2436 2304 nomen

291 2351 426 2389 esset
447 2341 562 2402 lor,
587 2334 738 2388 alteri
762 2352 893 2389 vero
915 2339 1053 2385 Dan.

365 2427 678 2476 Ascendebat
704 2442 733 2474 e
759 2437 912 2476 terra.
940 2420 1245 2476 Scatebram
1278 2421 1391 2476 sive
1416 2419 1785 2481 ebullitionem
1814 2438 1969 2495 aquae
2004 2422 2268 2494 surgentis
2286 2460 2303 2488 ,
2328 2436 2382 2477 et
2406 2443 2439 2477 e

293 2525 436 2564 terra
461 2510 780 2574 exsilientia,
806 2530 908 2566 vox
937 2511 1024 2562 illa
1054 2512 1356 2562 ascendendi
1377 2507 1614 2564 denotat.
1642 2509 1824 2562 Terroe
1855 2520 2033 2563 autem
2072 2511 2315 2576 nomine,
2340 2512 2439 2566 Pa-

295 2599 560 2652 lestinam
581 2599 744 2670 ipsam
759 2634 776 2661 ,
801 2609 861 2649 ut
881 2614 1005 2649 mox
1033 2595 1272 2650 dicemus
1288 2633 1304 2658 ‚
1328 2595 1485 2651 Sacer
1504 2595 1747 2668 Scriptor
1770 2596 2035 2668 intelligit.
2052 2596 2155 2651 Sed
2176 2617 2441 2671 perquam

293 2698 543 2740 accurate
566 2700 744 2737 temam
769 2683 931 2750 dixit,
959 2703 1068 2737 non
1083 2685 1380 2752 paradisum
1397 2701 1418 2734 .·
1443 2695 1505 2736 ut
1532 2695 1683 2737 extra
1704 2682 2015 2755 paradisum
2042 2685 2203 2738 fuisse
2234 2685 2442 2742 fontem

296 2793 422 2828 eum
450 2772 884 2844 intelligeremus.
912 2773 1050 2825 Nam
1073 2770 1304 2844 primum
1331 2769 1551 2842 quidem
1560 2773 1687 2839 fons
1706 2791 1737 2822 e
1760 2785 1895 2822 terra
1916 2775 2217 2826 ascendebat
2235 2772 2305 2826 ad
2322 2773 2447 2828 irri-

295 2861 526 2934 gandam
551 2859 886 2935 superficiem
913 2873 1068 2913 terro
1089 2877 1104 2912 τ
1129 2857 1323 2912 deinde
1345 2857 1543 2914 fluvius
1564 2857 1964 2930 egrediebatur,
1981 2860 2141 2914 etiam
2160 2861 2272 2932 ipse
2290 2875 2443 2916 extra
2486 2923 2509 2942 =

297 2949 606 3023 paradisum
646 2950 704 3004 in
749 2967 814 3002 eo
862 2967 1072 3022 egressu
1094 2968 1110 3003 ε
1145 2947 1240 3002 sed
1277 2966 1402 3001 mox
1433 2946 1743 3020 paradisum
1790 2946 2040 3002 eumdem
2078 2950 2355 3005 subiturus
2390 2963 2445 3006 et

301 3037 636 3110 irrigaturus.

378 3129 656 3178 U'm’versam
669 3127 966 3197 superficiem
980 3140 1141 3177 ειη-ιε.
1161 3123 1374 3177 ΗεΙποί
1393 3127 1663 3176 universam
1678 3126 1975 3194 tepefio-iem
1992 3137 2139 3176 ten-ce
2146 3161 2165 3186 ,
2186 3137 2449 3181 consueto

305 3213 562 3268 idiomate
585 3213 1054 3285 circumjacentem
1075 3210 1416 3264 solummodo
1443 3211 1720 3283 regionem
1742 3211 2015 3282 appellant
2036 3250 2053 3277 ,
2079 3211 2294 3282 qualem
2322 3211 2443 3284 qui-

305 3302 433 3356 dem
444 3314 497 3355 et
513 3313 766 3375 quantam
786 3300 1009 3372 intelligi
1029 3299 1282 3354 orationis
1303 3310 1677 3370 argumentum
1704 3296 1890 3370 poscit.
1908 3295 2067 3350 Unde
2087 3297 2279 3369 gallice
2294 3298 2451 3353 reddi

308 3389 447 3444 hanc
480 3408 666 3444 vocem
707 3389 783 3443 sic
810 3400 1024 3461 oportet
1042 3428 1059 3455 ,
1093 3402 1222 3439 toute
1243 3390 1296 3439 Ia
1319 3387 1517 3456 seatface
1540 3390 1611 3438 du
1626 3405 1779 3454 pays.
1807 3385 1982 3457 Atque
2014 3386 2085 3439 ita
2121 3405 2356 3460 persepe
2394 3388 2452 3442 in

309 3478 458 3532 libris
481 3477 639 3532 sacris
665 3493 799 3530 terra
825 3490 879 3531 et
902 3479 1126 3529 universa
1151 3490 1280 3528 terra
1296 3513 1313 3541 ,
1339 3493 1442 3547 pro
1470 3486 1579 3529 tota
1620 3474 1802 3546 aliqua
1825 3474 2043 3546 regione
2062 3474 2315 3546 ponitur,
2345 3488 2455 3538 unqe

311 3571 359 3619 Ie
369 3587 512 3636 pays-
535 3566 723 3638 Neque
741 3565 975 3638 profecto
993 3574 1146 3618 terrae
1169 3563 1454 3631 universa,
1475 3572 1536 3615 ut
1555 3579 1673 3616 eam
1697 3580 1879 3616 vocem
1899 3562 2062 3634 vulgo
2082 3562 2424 3636 intelligimus
2436 3601 2457 3632 ,

313 3655 536 3726 irrigare
560 3651 892 3724 superficiem
920 3653 1042 3705 fons
1067 3669 1211 3704 unus
1236 3660 1427 3722 potest.

385 3745 551 3794 Fontis
566 3759 694 3796 vero
717 3741 932 3794 nomine
956 3740 1102 3794 rivus
1126 3737 1436 3810 intelligitur
1459 3757 1496 3791 e·
1518 3735 1667 3790 fonte
1690 3734 1989 3808 profluens,
2020 3747 2074 3790 et
2104 3754 2316 3790 amnem
2336 3737 2455 3792 effi&

319 3831 466 3885 ciens
489 3849 504 3884 :
530 3849 656 3883 nam
687 3841 738 3884 et
764 3829 935 3882 fontes
959 3828 1240 3882 decurrere
1266 3845 1362 3900 per
1383 3844 1605 3898 campos
1622 3835 1674 3878 et
1694 3825 1854 3879 valles
1876 3824 2144 3879 dicuntur.
2161 3825 2299 3880 Psal.
2320 3845 2455 3894 cnr,

327 3939 390 3972 xo
411 3937 426 3970 ε
454 3945 477 3966 ι
495 3917 604 3984 Qui
621 3917 814 3972 emittis
828 3918 1000 3970 fontes
1023 3915 1079 3968 in
1104 3914 1431 3969 couvauibm
1452 3933 1466 3968 ε
1492 3914 1632 3968 inter
1654 3912 1890 3967 medium
1912 3914 2177 3968 montium
2196 3925 2464 3987 pertrans-

325 4007 477 4061 ibcnt
497 4025 668 4080 aquo.
684 4031 708 4055 ι
731 4005 877 4073 Quin
896 4005 1056 4060 etiam
1074 4003 1239 4059 Musis
1275 4015 1450 4069 etate,
1476 4021 1639 4076 quem
1662 4019 1872 4056 amnem
1892 4001 2183 4058 Iordanem
2204 4001 2467 4066 dicimus,
