2950 5017
553 474 704 562 348
1072 475 1154 545 C.
1215 477 1559 544 PL1N11
1614 477 1837 546 NAT.
1894 475 2160 542 HIST.

549 633 674 677 nus
689 595 740 632 ³⁸
779 620 1091 692 vocatur,
1128 607 1414 676 refertus
1453 607 1683 677 insulis
1721 633 1737 675 ε
1776 631 2059 702 quarum
2096 605 2461 676 clarissima
2502 609 2727 676 Scan-

549 714 818 782 dinavia
853 698 1056 798 est³⁹,
1099 715 1529 809 incompertae
1566 713 2076 808 magnitudini5‚
2110 713 2493 807 portionem
2544 727 2721 780 tan-

553 834 693 888 tum
722 820 897 913 ejuS,
932 818 1113 913 quod
1135 822 1218 889 sit
1239 834 1473 888 notum
1496 872 1515 904 ‚
1552 806 2064 889 Hillevionum⁴⁰
2093 833 2290 912 gente
2316 821 2727 913 quingentis

551 925 882 994 incolente
917 927 1138 1020 pagiS‚
1181 950 1330 1020 quae
1354 925 1643 995 alterum
1672 925 1903 994 orbem
1938 939 2269 993 terrarum
2302 949 2455 993 earn
2480 924 2723 1020 appel-

477 1061 509 1112 7
547 1028 658 1100 lat.
699 1033 843 1099 Nec
881 1044 980 1100 est
1023 1032 1242 1099 minor
1283 1057 1324 1100 o

1329 1034 1596 1162 yinione
1637 1016 2005 1126 Eningia⁴¹.
2054 1029 2349 1119 Quidam
2388 1030 2541 1100 haec
2590 1032 2721 1098 ha·-

519 1124 804 1206 .bitari⁴²
841 1137 925 1206 ad
959 1126 1328 1206 Vistularn⁴
1389 1163 1600 1232 usque
1629 1137 1937 1220 fluvium,
1978 1161 2017 1205 a
2038 1122 2449 1220 Sarmatis⁴⁴‚
2472 1139 2719 1206 Vene-

547 1243 648 1312 dis
669 1295 690 1332 ,
725 1244 960 1331 sciris,
987 1244 1199 1312 Hirris
1232 1243 1527 1313 tradunt.
1556 1245 1792 1338 Sinum
1828 1241 2227 1338 Cylipenum

629 1453 725 1506 38.
741 1454 845 1522 Qui
869 1451 1113 1506 Codanus.
1141 1455 1220 1506 Ac
1241 1451 1438 1506 deinde
1461 1453 1585 1506 Bal..

547 1531 714 1596 tiens,
744 1532 811 1584 ab
843 1533 1017 1584 insula
1047 1533 1246 1599 Balcia,
1275 1545 1354 1586 est
1381 1551 1578 1604 cogno·

543 1612 791 1664 minatus.
823 1611 1006 1664 Hun-

629 1691 722 1758 39.
746 1689 1088 1743 scandinavia.
1109 1691 1244 1756 Quae
1255 1690 1425 1744 hodie
1450 1692 1581 1744 Sue·

545 1769 626 1822 cia
671 1770 1048 1840 Norvegiaque
1083 1768 1304 1824 dicitur.
1339 1772 1577 1824 Insulam

546 1849 772 1902 Veteres
779 1848 1055 1902 credidere
1071 1869 1089 1903 ι
1105 1851 1280 1902 sinum
1295 1848 1577 1904 Codanum

546 1928 648 1980 rati
687 1947 812 1982 cum
866 1929 1082 1981 Oceano
1121 1931 1578 1999 septemtrionali,

547 2008 656 2060 sive
683 2007 1039 2080 Hyperboreo
1065 2008 1348 2073 connecti,
1392 2007 1462 2061 ad
1512 2009 1579 2061 fl·

544 2105 672 2139 nem
702 2087 962 2140 Suevonis
991 2087 1223 2152 montis,
1255 2106 1361 2159 qna
1395 2089 1581 2140 Russis

545 2183 691 2218 nuuc
713 2167 905 2219 accolis
936 2166 1134 2220 Album
1162 2185 1309 2220 mare
1330 2204 1346 2225 .
1393 2180 1446 2220 et
1471 2169 1581 2221 alio

546 2245 766 2298 nomine
809 2245 1119 2299 Grsnwicus
1161 2247 1306 2300 sinus
1345 2249 1581 2317 appella·

549 2335 680 2377 tur:
713 2343 819 2395 qua
843 2324 1048 2378 ratione
1086 2325 1272 2378 insulas
1311 2323 1433 2378 duan
1461 2327 1581 2379 effi·

547 2404 824 2457 ciebantur
838 2444 852 2465 ,
881 2405 1153 2474 precipua
1179 2405 1545 2476 magnitudine
1559 2443 1577 2468 ‚

547 2482 900 2537 scandinavia
924 2497 1084 2554 atque
1111 2483 1414 2555 Finningia.
1435 2485 1507 2537 Η.

633 2567 722 2626 40.
747 2563 1089 2616 Hillevionum.
1116 2563 1420 2616 Proximam
1443 2565 1581 2619 hanc

547 2641 710 2695 fuisse
749 2641 1114 2696 Scandinaviae
1155 2657 1356 2713 partem
1385 2644 1470 2697 vel
1514 2663 1578 2697 ex

549 2740 614 2774 eo
633 2722 803 2794 liquet
822 2759 840 2786 ,
877 2721 1027 2793 quod
1054 2722 1283 2793 primam
1315 2742 1434 2776 eam
1467 2725 1580 2776 Ro-

547 2801 694 2854 mani
725 2819 880 2854 nosse
916 2814 1226 2872 potuerunt.
1278 2802 1325 2854 Ii
1367 2806 1577 2857 Διυωνοὶ

548 2899 679 2932 voce
694 2918 710 2944 ‚
731 2894 790 2932 ut
815 2893 1034 2952 apparet
1049 2920 1064 2944 ,
1085 2882 1260 2950 capite
1281 2879 1545 2934 diminuta
1560 2922 1577 2947 ,

546 2977 654 3029 pro
667 2951 915 3013 Ῐλλιυωνοὶ
935 2979 967 3012 a
987 2959 1273 3013 Ptolemae
1295 2963 1578 3013 nominan-

549 3050 672 3104 tur,
705 3039 764 3091 in
811 3037 1054 3091 Scandiae
1106 3039 1284 3094 media
1323 3041 1576 3110 regione,

547 3117 644 3170 lib.
673 3120 758 3180 11,
791 3137 906 3188 cap.
941 3137 964 3170 1
983 3137 1031 3172 1.
1059 3117 1241 3172 Hanno.

632 3203 727 3262 41.
759 3199 993 3267 Eningia.
1043 3199 1108 3250 In
1146 3198 1300 3252 MSS.
1341 3199 1531 3268 Epigia
1555 3219 1579 3252 .-

549 3289 710 3348 atque
747 3277 820 3330 ita
849 3275 1094 3330 similiter
1133 3291 1319 3330 auctor
1349 3278 1474 3331 libri
1508 3277 1579 3332 de

546 3357 800 3410 Mensura
824 3356 970 3408 orbis
991 3369 1174 3410 terrie:
1204 3383 1227 3405 ι
1257 3358 1370 3410 Nec
1399 3358 1577 3410 minor

547 3449 626 3489 est
645 3437 901 3508 opinione
919 3435 1128 3507 Epigia.
1151 3461 1174 3484 n
1201 3435 1305 3488 Sed
1333 3449 1451 3490 utut
1469 3449 1574 3500 est,

548 3515 594 3568 F
593 3515 888 3586 inningiam
908 3516 1156 3587 intelligit
1170 3554 1186 3579 ,
1205 3515 1346 3568 inter
1359 3514 1579 3568 Scandi-

545 3585 758 3648 'naviam
799 3607 852 3648 et
878 3593 1130 3648 Venedos
1159 3594 1314 3647 sitnm
1346 3612 1359 3646 :
1388 3595 1579 3666 ingens

547 3673 710 3727 hodie
725 3674 1002 3744 peninsula
1018 3711 1034 3736 ,
1053 3673 1104 3726 la
1127 3674 1369 3727 Finlande
1392 3694 1410 3727 .-
1431 3673 1575 3728 unde

545 3753 683 3806 sinui
708 3754 954 3823 proximo
978 3773 1204 3818 nomen,
1227 3753 1320 3824 qui
1352 3753 1575 3807 Finnin-

543 3831 682 3901 giam
697 3851 724 3884 a
743 3834 966 3886 Livonia
989 3831 1322 3886 disterminat
1334 3872 1351 3898 ‚
1378 3835 1423 3885 le
1437 3835 1575 3904 goffe

545 3911 608 3962 de
635 3911 689 3962 F
685 3913 893 3964 inland-2.
924 3912 1106 3966 Hsnn.

629 3997 720 4053 4²·
753 3992 897 4046 Hoec.
937 3992 1172 4046 Malebnt
1197 3993 1569 4065 Dalecumpius

545 4069 688 4123 lianc.
717 4071 826 4124 En.

2244 1227 2295 1273 ⁴⁵
2326 1245 2565 1312 vocari
2596 1268 2614 1310 :
2648 1257 2723 1310 et

1748 1452 1841 1516 43.
1894 1453 2157 1524 Wstulapn.
2208 1451 2399 1506 Chiffl.
2458 1455 2721 1508 Vinden-

1664 1533 1855 1604 Pomp.
1880 1534 2104 1585 Istulam.
2130 1533 2465 1586 Etiamnunc
2491 1535 2717 1588 Virtute.

1666 1613 1772 1665 En.

1746 1697 1844 1755 44.
1874 1691 1928 1744 Α
1966 1689 2223 1744 Samaeis.
2254 1699 2299 1744 Δ
2328 1693 2717 1746 Sarmatarum

1664 1771 1941 1841 gentibus,
1969 1788 2197 1842 quarum
2225 1770 2339 1824 haec
2366 1785 2499 1824 sunt
2524 1773 2717 1824 nomi-

1662 1867 1762 1902 na:
1788 1848 2027 1903 Venedae
2040 1889 2056 1912 ,
2076 1849 2241 1914 seiri,
2261 1850 2435 1904 Hirri.
2452 1849 2717 1905 ona-‚5322

1664 1929 1954 1981 Ptolemoeo
1972 1967 1989 1992 ‚
2014 1930 2109 1982 lib.
2137 1931 2221 1980 111
2239 1967 2255 1993 ‚
2278 1948 2329 1983 c.
2360 1930 2414 1994 5,
2442 1951 2475 1984 a
2506 1931 2717 2002 quibus

1665 2006 1973 2060 venedicus
2012 2009 2190 2072 sinus,
2226 2009 2273 2058 le
2290 2011 2429 2079 golfe
2462 2010 2529 2061 de
2559 2011 2715 2062 Da·-

1667 2091 1763 2138 tsic
1776 2125 1793 2150 ,
1814 2105 2015 2140 nomen
2030 2089 2159 2140 olim
2176 2087 2392 2152 habuit,
2410 2089 2713 2142 Livoniam

1666 2177 1917 2220 tenuere:
1943 2186 2007 2221 ac
2038 2166 2335 2219 Lithuaniae
2364 2181 2589 2238 partem
2616 2187 2713 2222 oc-

1666 2245 1978 2298 cidentalem
2004 2265 2021 2300 ε
2060 2247 2227 2311 sciri,
2266 2265 2403 2316 quos
2440 2246 2712 2302 Sidonius

1667 2325 1903 2396 Apollin.
1934 2327 2113 2378 Csrm.
2144 2345 2177 2396 7
2194 2365 2209 2392 ,
2233 2324 2379 2378 Ser-os
2410 2328 2505 2379 vel
2530 2327 2711 2380 Stet-or

1665 2404 1897 2476 sppellat
1920 2443 1935 2469 ‚
1981 2404 2238 2475 Hirr-ique
2258 2443 2274 2469 ‚
2328 2405 2561 2458 Curiam
2582 2447 2603 2473 ‚
2664 2410 2711 2460 le

1665 2483 1823 2536 ducled
1842 2483 1903 2534 de
1932 2484 2158 2537 Cur-land
2174 2525 2191 2548 ,
2224 2484 2711 2558 Samogitismque.

1667 2585 1690 2606 ι
1713 2561 2059 2616 Venedorum
2088 2563 2329 2616 nationes
2346 2603 2361 2628 ,
2388 2563 2579 2636 inquit
2604 2568 2713 2619 Ta·

1666 2642 1802 2695 citus
1826 2643 1921 2694 lib.
1952 2641 2023 2695 de
2048 2643 2246 2696 Morib.
2278 2643 2543 2697 German.
2576 2664 2701 2718 cap.

1668 2725 1771 2787 46,
1801 2721 2083 2775 Germanis
2108 2741 2175 2775 an
2204 2723 2458 2776 Sarmatis
2492 2724 2707 2778 adseri·

1664 2800 1789 2853 bam
1811 2837 1829 2864 ,
1860 2799 2084 2865 dubito,
2124 2815 2225 2854 etc.
2252 2827 2275 2848 n
2310 2801 2531 2856 Auctor
2570 2805 2703 2858 libri

1664 2877 1735 2932 de
1750 2882 2001 2933 Mensura
2022 2881 2171 2934 orbis
2192 2894 2345 2934 terrae
2368 2881 2519 2935 hunc
2538 2885 2705 2938 Plinii

1663 2959 1843 3012 locum
1860 2961 2179 3024 exscribens,
2196 2959 2385 3014 Hirros
2398 2981 2517 3014 non
2542 2983 2709 3034 agno·

1664 3039 1781 3091 scit.
1816 3063 1839 3087 ι
1862 3038 2098 3104 Quidam
2116 3079 2131 3104 ,
2160 3041 2358 3110 inquit,
2392 3041 2515 3094 hoc
2540 3043 2703 3096 habi·

1664 3119 1767 3172 tari
1812 3117 1879 3171 sd
1922 3118 2107 3172 insula
2144 3137 2315 3190 usque
2354 3118 2424 3172 sd
2468 3121 2703 3176 fluvium

1663 3193 1833 3268 (lege,
1860 3196 1928 3250 ad
1949 3199 2209 3252 vistulam
2238 3217 2405 3269 usque
2430 3199 2699 3263 fluvium,

1662 3277 1773 3329 sive
1791 3275 2100 3340 Visulam)a
2120 3279 2399 3342 Sarmatis,
2422 3280 2701 3346 venedis,

1663 3355 1932 3428 Scirisque
1960 3356 2198 3411 tradunt.
2217 3383 2240 3404 n
2276 3359 2359 3410 Ae
2385 3357 2549 3413 valde
2582 3380 2701 3415 me·

1665 3448 1761 3488 tuo
1808 3455 1879 3488 ne
1927 3437 2077 3489 Hirri
2124 3456 2156 3489 a
2202 3437 2441 3508 repetitis
2492 3452 2699 3494 temere

1664 3514 1827 3569 Sciris
1849 3515 2193 3569 accreverint.
2222 3517 2696 3573 unm—Dalm

1662 3615 1697 3646 a
1719 3593 1986 3658 Sarmatis,
2016 3595 2072 3645 V
2066 3595 2253 3660 caedis,
2280 3595 2462 3668 Scyt-is.
2490 3599 2600 3650 En.

1746 3675 1838 3738 45.
1861 3675 2259 3746 Cylipenum.1ta
2283 3675 2437 3728 MSS.
2460 3689 2517 3728 at
2534 3677 2699 3746 editi,

1668 3755 1985 3824 Clrle'penum.
2028 3755 2187 3806 Nunc
2226 3755 2371 3807 sinus
2400 3754 2693 3812 Livonicus

1663 3832 1862 3887 dicitur
1876 3873 1893 3897 ,
1918 3853 1950 3886 a
1976 3833 2173 3886 celebri
2196 3836 2311 3904 ejus
2328 3836 2566 3906 regionis
2586 3855 2697 3890 em·

1660 3915 1817 3983 porio
1832 3951 1851 3979 ‚
1870 3914 1917 3964 le
1932 3913 2067 3982 golfi
2082 3913 2143 3964 de
2164 3915 2295 3983 stiga
2310 3933 2331 3966 .·
2350 3931 2463 3985 quo
2482 3916 2541 3967 in
2568 3917 2691 3970 sinu

1658 3993 1881 4064 antiquo
1935 3993 2197 4046 vocabulo
2250 3993 2426 4046 Latris
2478 3995 2653 4050 insula
2671 4035 2695 4060 a

1656 4091 1801 4126 itanc
1831 4072 1979 4126 Oeset
2002 4085 2234 4126 vocatur.
2262 4073 2449 4127 Ilum.
