2950 5017
731 423 1238 497 PARADISI
1304 429 1987 502 TERRESTRIS.
2286 435 2423 531 773

364 545 440 594 De
466 545 575 594 loeo
596 547 880 611 voluptatis.
909 549 986 597 De
1011 549 1118 597 Ioco
1147 547 1322 601 Moses
1338 584 1355 612 ,
1379 566 1495 601 non
1514 553 1581 601 de
1606 553 1718 602 lacu
1746 548 1915 618 dixit3
1948 551 2097 624 quod
2124 554 2242 626 ejus
2276 566 2427 610 etate

285 648 398 682 non
425 630 576 685 lacus
589 671 606 696 ,
630 633 722 687 sed
729 637 898 705 sont&
914 635 1088 690 adhuc
1102 675 1118 701 ,
1138 637 1232 692 sed
1235 639 1402 705 sontis
1423 641 1669 707 Daphnim
1694 641 1907 695 nomine
1934 656 2235 698 censeretur
2255 643 2427 700 dulcis

285 715 404 771 hoc
422 737 562 791 aqua
581 733 832 793 stagnans
853 741 884 778 e
904 723 1079 791 sonte3
1109 724 1255 779 unde
1275 725 1525 780 son-danis
1543 764 1559 791 ,
1575 729 1685 801 jam
1708 727 1901 783 fluvius
1915 768 1931 795 ,
1952 731 2205 804 quiajam
2224 737 2429 806 majore

286 822 546 878 aquarum
570 810 710 866 mole
737 815 1083 886 erumpebat,
1108 815 1216 870 sive
1238 819 1595 885 egrediebatur.

361 913 789 985 «Egrediebatur
810 917 879 971 de
905 919 1026 973 loco
1053 921 1338 991 voluptatis
1358 919 1428 974 ad
1451 919 1841 995 irrigandum.»
1868 921 1987 978 Hoc
2011 925 2208 991 verbo,
2240 953 2265 972 a
2280 944 2429 997 egre-

284 995 536 1054 diebatur
564 1003 634 1057 ad
657 1005 990 1077 irrigandum
1005 1033 1030 1052 n
1049 1045 1066 1072 ,
1089 1026 1276 1061 cursus
1303 1008 1478 1061 amnis
1506 1008 1819 1082 designatur
1841 1013 1949 1084 jam
1982 1010 2261 1066 inchoatus
2284 1027 2431 1068 extra

282 1085 633 1155 Paradisum,
672 1093 984 1167 priusquam
1022 1094 1092 1149 ad
1129 1095 1456 1168 irrigandum
1495 1115 1617 1151 eum
1657 1096 1947 1152 deveniret.
1982 1099 2149 1154 Natus
2188 1101 2351 1173 igitur
2379 1115 2433 1156 et

281 1172 577 1231 decurrens
609 1177 806 1234 fluvius
840 1196 988 1235 extra
1031 1183 1340 1237 Paradiaum
1377 1185 1436 1238 in
1476 1203 1601 1238 eum
1642 1204 1698 1238 se
1733 1184 1930 1240 deinde
1962 1185 2235 1242 influebat.
2279 1187 2433 1242 Vidit

279 1284 467 1324 autem
490 1288 646 1329 acute
669 1277 893 1330 latinus
914 1279 1184 1353 Interpres
1201 1320 1216 1345 ,
1237 1285 1371 1382 1⁸55
1399 1285 1544 1335 Eden
1568 1281 1671 1336 hoc
1698 1281 1817 1335 loco
1835 1301 1945 1336 non
1972 1291 2082 1338 esse
2098 1322 2113 1348 ,
2131 1297 2191 1338 ut
2207 1297 2285 1339 est
2302 1284 2433 1340 alibi

279 1388 422 1442 sepe
460 1372 516 1426 in
543 1373 720 1428 Sacris
752 1376 928 1430 Libris
948 1417 964 1441 ,
995 1396 1192 1432 nomen
1236 1379 1516 1453 proprium
1537 1417 1553 1444 ,
1582 1379 1675 1434 sed
1710 1381 2093 1453 appellativum
2124 1380 2397 1438 dumtaxat
2413 1420 2431 1446 ,

277 1487 456 1542 quum
476 1476 674 1571 'fffi'n
701 1479 926 1526 nte-eden
949 1495 1060 1530 non
1082 1481 1147 1528 ab
1167 1480 1311 1530 Edere
1336 1477 1493 1531 vertit
1509 1515 1526 1540 ‚
1550 1476 1644 1530 sed
1668 1481 1859 1530 deloco
1882 1481 2166 1546 voluptatis.

357 1584 447 1637 ob
483 1585 882 1642 similitudinem
923 1589 1154 1662 aliquam
1189 1609 1316 1644 cum
1352 1590 1459 1645 hoc
1503 1591 1623 1644 loco
1655 1589 1969 1663 voluptatis,
1997 1592 2177 1647 vicina
2216 1611 2431 1666 quoque

277 1671 538 1728 Paradiso
581 1675 700 1730 loca
738 1677 1018 1748 quaedam,
1062 1677 1209 1752 regio
1244 1679 1380 1752 Tyri
1423 1680 1678 1732 nimirum
1699 1719 1717 1746 ,
1754 1679 1981 1746 Libani,
2033 1679 2430 1754 Mesopotamia

276 1771 454 1844 Syrio
469 1810 486 1838 ,
513 1785 566 1825 et
587 1773 749 1846 Syriai
778 1775 1118 1829 Damascena
1135 1812 1153 1840 ,
1175 1773 1234 1828 in
1258 1774 1431 1829 Sacris
1461 1776 1673 1829 Litteris
1720 1782 1826 1860 'ty
1852 1781 1993 1829 Edeta
2018 1796 2113 1832 seu
2143 1779 2431 1852 voluptatis

275 1868 432 1923 locus
459 1870 774 1943 appellatur.
806 1871 939 1924 Nam
967 1873 1202 1944 principi
1221 1873 1356 1946 Tyri
1380 1871 1527 1945 apud
1552 1873 1689 1926 Ezec
1730 1875 1916 1939 ielem,
1944 1894 2061 1947 cap.
2090 1895 2294 1943 xxvm,
2328 1877 2391 1931 13
2412 1914 2428 1942 ,

274 1968 510 2022 dicitur:
541 1969 648 2021 -1n
673 1967 908 2034 deliciis,
935 1974 1130 2070 ’ς’-ψῃ
1159 1973 1394 2037 be-eden,
1427 1969 1669 2024 Paradisi
1699 1970 1800 2023 Dei
1835 1969 2032 2024 &istim
2069 1972 2149 2024 De
2182 1972 2392 2025 Libano
2410 2013 2427 2038 ‚

275 2065 480 2119 Ezech.
515 2085 643 2120 xxxx
661 2103 677 2130 ,
716 2069 818 2119 16:
854 2091 878 2114 ι
899 2067 1097 2120 Omnia
1123 2067 1272 2139 ligna
1307 2065 1628 2140 voluptatis,
1652 2073 1787 2170 ῘἹῈ
1828 2071 1969 2120 Edon
1987 2105 2006 2133 ,
2032 2068 2237 2141 egregia
2268 2081 2429 2142 atque

273 2163 535 2238 praelata
564 2164 622 2217 in
661 2165 890 2218 Libano.
910 2190 934 2212 ι
974 2167 1056 2217 De
1093 2165 1470 2238 Mesopotamia
1507 2166 1671 2240 Syrio
1689 2204 1707 2231 ,
1734 2178 1792 2220 ut
1830 2166 2151 2238 quibusdam
2187 2165 2422 2230 videtur,

275 2251 481 2306 ibidem
514 2271 627 2324 cap.
653 2272 830 2316 xxvn,
858 2254 924 2307 23
947 2273 960 2308 ε
988 2282 1014 2301 ι
1031 2253 1243 2325 Hamnj,
1269 2266 1320 2307 et
1343 2254 1557 2321 Chene,
1591 2266 1643 2309 et
1667 2253 1873 2308 Eden.»
1900 2255 2146 2328 Denique
2178 2254 2247 2309 de
2276 2255 2425 2329 Syria

275 2341 644 2401 Damascena,
671 2342 836 2393 Amos
853 2380 870 2407 ,
903 2361 953 2407 ι,
985 2341 1014 2394 5
1036 2361 1050 2394 :
1081 2342 1184 2394 «Et
1209 2352 1481 2394 conteram
1509 2353 1715 2395 vectem
1742 2342 2015 2406 Damasci,
2043 2355 2097 2395 et
2121 2341 2426 2415 disperdam

275 2428 632 2482 habitatorem
661 2427 729 2482 de
756 2446 948 2503 campo
974 2428 1141 2492 idoli,
1171 2441 1224 2483 et
1250 2442 1520 2484 tenentem
1554 2442 1825 2502 sceptrum
1859 2430 1927 2484 de
1956 2431 2077 2484 loco
2100 2432 2389 2504 voluptatis
2406 2473 2424 2498 ,

275 2532 486 2598 ῃῄῃ
524 2530 701 2580 ηιίὂεεΙι
720 2565 736 2593 ,
770 2533 906 2628 175
933 2531 1070 2578 eden.
1095 2527 1220 2592 Quo
1242 2525 1511 2597 pertinere
1539 2525 1698 2579 etiam
1732 2525 1867 2579 illud
1892 2525 2137 2592 videtur,
2157 2529 2287 2598 neg.
2317 2528 2427 2594 lv,

273 2641 402 2688 xlx,
429 2641 489 2677 υ
511 2663 527 2688 ,
553 2636 605 2678 et
620 2624 745 2678 Isai.
771 2642 966 2678 xxxvu
982 2661 998 2689 ,
1035 2642 1092 2677 ια
1119 2642 1134 2677 :
1164 2622 1323 2675 «Filii
1350 2621 1501 2676 Eden
1520 2659 1536 2685 ,
1557 2622 1651 2696 qui
1676 2635 1825 2676 erant
1854 2623 1912 2676 in
1930 2624 2283 2690 T'halassar»,
2310 2625 2421 2678 sive

277 2713 556 2764 mlauar.

349 2819 437 2868 Aa
461 2819 791 2884 ae’mkandum.
821 2795 1068 2888 Ifrigatio
1089 2815 1376 2870 fluviorum
1401 2815 1599 2870 dicitur
1614 2855 1630 2878 ,
1647 2834 1815 2888 quum
1844 2815 1903 2869 hi
1930 2833 2027 2888 per
2047 2817 2225 2872 varios
2248 2815 2419 2870 flexus

270 2916 330 2958 et
353 2903 654 2958 maeandros
694 2917 846 2977 prata
885 2917 937 2958 et
965 2923 1186 2978 campos
1219 2915 1428 2968 secant3
1463 2903 1521 2958 id
1548 2902 1695 2976 quod
1724 2905 1781 2958 in
1821 2904 2099 2958 Palatina
2128 2905 2423 2958 ,Iordanem

270 3003 521 3066 prestare
546 2992 750 3046 Plinius
775 2991 910 3046 dixit
932 2993 1200 3064 eleganter
1221 3010 1236 3046 :
1265 2992 1551 3046 «sordenia
1576 2993 1749 3068 amnis
1777 3010 2043 3058 amoenus,
2067 2991 2382 3048 ambitiosus
2401 3032 2418 3057 ,

272 3080 578 3153 accolisque
618 3100 674 3135 se
708 3081 948 3153 prebens
963 3118 978 3144 ‚
1011 3081 1159 3135 velut
1193 3080 1388 3134 invitus
1428 3079 1762 3153 Asphaltiten
1797 3081 1978 3133 lacum
2002 3079 2183 3133 dirum
2222 3093 2419 3135 natura

272 3169 428 3242 petit.
447 3195 474 3216 n·
513 3169 669 3224 Falso
710 3181 890 3231 autem
928 3181 1084 3241 putat
1119 3169 1463 3242 Lightfootus
1502 3168 1699 3222 factam
1734 3168 1876 3222 hanc
1900 3167 2264 3238 irrigationem
2300 3187 2417 3224 esse

268 3259 434 3312 semel
459 3257 746 3330 quotannis
777 3257 1080 3312 exundante
1114 3257 1308 3318 fluvio,
1334 3257 1503 3310 instar
1540 3257 1669 3310 Nili.
1706 3256 1895 3328 Neque
1920 3255 2063 3310 enim
2098 3257 2213 3310 hnc
2248 3275 2417 3312 exun-

269 3343 420 3400 datio
455 3345 778 3416 irrigationis
811 3344 1026 3398 nomine
1050 3344 1194 3417 apud
1225 3343 1362 3399 ullos
1391 3345 1563 3398 bonos
1592 3343 1877 3415 scriptores
1904 3355 2170 3397 censetur.
2198 3370 2223 3389 α
2237 3346 2419 3400 Auctu

270 3451 470 3504 magno
497 3451 598 3504 per
620 3443 788 3486 totam
821 3433 1075 3502 spatiatus
1099 3435 1392 3505 AEgyptum
1426 3431 1581 3484 Nilus
1624 3429 1885 3485 fecundus
1910 3431 2147 3484 innatare
2175 3443 2361 3484 εει-ιω·
2383 3451 2418 3486 a

269 3519 448 3573 Plinio
461 3519 687 3586 dieitur,
706 3522 774 3584 V,
801 3539 866 3573 10
879 3559 896 3587 ,
921 3519 1146 3590 irrigare
1165 3537 1277 3572 non
1302 3518 1515 3574 dicitur.
1532 3518 1752 3598 irrigat,
1774 3517 2022 3590 inquam,
2045 3517 2215 3571 amnis
2229 3535 2383 3590 agros
2397 3556 2415 3584 ‚

268 3625 438 3682 quum
475 3607 708 3663 flexuoso
734 3627 896 3662 cursu
921 3627 1020 3682 per
1044 3625 1136 3662 eos
1168 3606 1332 3678 serpit
1365 3625 1430 3660 ac
1459 3606 1675 3660 labitur.
1710 3605 1799 3660 Sic
1820 3604 2091 3660 Maeander
2107 3603 2250 3676 apud
2274 3606 2415 3660 Plin.

267 3697 348 3764 Y,
365 3695 431 3750 31
453 3713 469 3748 ε
497 3695 618 3748 «Ita
643 3696 888 3749 sinuosus
907 3695 1129 3750 flexibus
1142 3735 1160 3762 ,
1183 3707 1244 3748 ut
1263 3713 1404 3766 sepe
1429 3693 1680 3748 credatur
1696 3693 1891 3748 teverti
1904 3730 1920 3757 ,
1936 3711 2124 3746 omnes
2142 3711 2235 3746 eos
2256 3711 2415 3764 agros

269 3782 599 3836 fertilissimo
633 3783 772 3856 rigat
806 3782 990 3835 limo.»
1014 3781 1102 3836 sic
1127 3781 1302 3836 coloni
1329 3800 1427 3836 sua
1451 3799 1577 3834 rura
1609 3780 1859 3853 irrigant,
1886 3797 2055 3851 quum
2080 3780 2141 3832 in
2174 3799 2237 3834 ea
2269 3781 2413 3836 rivos

267 3871 555 3927 deducunt.
589 3871 750 3938 Quod
783 3872 828 3924 si
852 3871 922 3925 de
945 3871 1300 3926 exundatione
1322 3871 1494 3925 amnis
1519 3871 1661 3926 istud
1688 3871 1859 3944 accipi
1894 3881 2168 3942 oporteret
2184 3909 2200 3934 ,
2230 3869 2414 3924 dicen-

267 3959 396 4014 dum
421 3971 585 4024 esset,
619 3957 885 4013 Adamum
901 3999 916 4022 ,
943 3977 1105 4031 quem
1137 3971 1394 4013 autumno
1421 3957 1701 4013 conditum
1730 3958 1892 4011 fuisse
1924 3955 2257 4012 ostendimus
2289 3957 2416 4010 alibi

268 4047 424 4102 certis
459 4047 813 4120 argumentis,
843 4059 938 4102 aut
960 4047 1116 4102 istam
1143 4046 1505 4116 irrigationem
1532 4063 1643 4102 non
1674 4045 1898 4112 vidisse,
1936 4062 2056 4117 quo
2088 4044 2205 4099 fieri
2229 4044 2420 4100 soleret

1913 4140 2049 4245 49³
