2950 5017
611 451 750 548 392

1161 450 1242 518 C.
1291 448 1631 517 PLINII
1682 450 1901 521 NAT.
1958 452 2220 521 HIST.

604 588 750 655 fuit.
782 586 1084 654 Vocatur
1121 581 1207 649 ab
1243 580 1520 675 Ephoro
1564 596 1633 650 et
1674 570 2119 672 Philistide¹⁴,
2145 584 2423 679 Erythia
2438 570 2523 673 ¹⁵3
2564 611 2612 655 a
2650 588 2775 657 Ti·
2858 564 2881 587 ⁰

602 716 771 762 maeo
803 705 872 759 et
896 688 1152 775 Silene,
1183 687 1617 782 Aphrodisias

1632 673 1681 717 16

1698 715 1719 777 ;
1759 688 1845 757 ab
1882 690 2238 785 indigenis,
2272 694 2582 761 Junonis.
2620 696 2774 763 Ma-

599 800 818 892 jorem
833 796 880 837 ¹⁷
937 796 1224 863 Timaeus
1295 796 1720 864 Cotinussam
1742 780 1789 818 ¹⁸
1840 796 2022 891 apud
2079 821 2195 866 eos
2254 812 2569 867 vocatam
2628 802 2727 867 ait
2752 828 2771 867 ε

605 904 815 974 nostri
847 898 1269 973 Tartesson¹⁹
1293 900 1667 994 appellant,
1695 903 1879 969 Poeni
1920 902 2217 991 Gadir²⁰‚
2250 905 2345 973 ita
2366 906 2623 973 Punica
2656 904 2779 973 lin-

606 1034 738 1105 gua
795 1033 1024 1103 sepem
1092 1005 1527 1101 significante.
1602 1008 1883 1101 Erythia
1900 1008 1949 1035 ²¹
2004 1007 2185 1078 dicta
2244 1022 2388 1094 est,
2444 1012 2777 1104 quoniam

604 1117 786 1211 Tyrii
817 1114 1212 1207 Aborigines
1243 1135 1483 1181 eorum
1500 1112 1549 1141 ²²
1581 1114 1713 1182 orti
1745 1114 1833 1183 ab
1860 1114 2215 1209 Erythraeo
2242 1118 2415 1186 mari
2448 1116 2775 1187 fereban-

694 1316 784 1374 14.
811 1307 1086 1361 ΡΙιὶΙὶεείιΙε-
1122 1306 1302 1359 Dalec.
1325 1306 1619 1376 Phylistide.

695 1392 780 1444 15.
811 1389 1045 1460 Erythia.
1072 1386 1242 1438 Vetus
1280 1380 1423 1455 apud
1462 1386 1642 1440 Delec.

610 1470 868 1543 Etythria.
893 1470 1038 1520 Brot.
1069 1465 1308 1535 Erythea.
1333 1466 1439 1518 En.

694 1567 717 1602 1
729 1554 762 1603 6
771 1546 1242 1619 ,ΑρΙιι-οιίἱεὶαεβοιι
1255 1543 1456 1597 Veneri
1471 1561 1639 1597 secra.

608 1630 907 1701 Stephanus
923 1666 939 1691 ,
968 1618 1265 1697 Ᾰφροδισιὰς
1282 1662 1298 1687 ,
1315 1629 1462 1683 νῆσος
1482 1664 1499 1689 ,
1518 1626 1643 1692 πρό-

606 1730 740 1780 τερον
791 1698 1028 1777 Ἐρύθεια,
1080 1704 1268 1775 μεταξὺ
1308 1692 1507 1773 ignotae
1557 1702 1643 1757 καὶ

607 1786 857 1859 Γαδείρων
873 1825 891 1851 ,
919 1789 1046 1838 inter
1064 1785 1354 1853 Hispaniam
1373 1794 1423 1833 et
1453 1782 1642 1836 Gades.

696 1887 785 1938 17.
813 1866 1053 1935 Major-em
1091 1864 1339 1927 Ta'moeus,
1380 1874 1483 1915 etc.
1524 1862 1643 1916 Hoc

608 1960 718 2014 est,
743 1944 980 2001 Gadium
1007 1943 1232 1997 insulam
1251 1980 1268 2009 ,
1303 1942 1393 1995 cui
1418 1941 1645 2013 Erythia

607 2028 852 2101 proxima
884 2026 1000 2078 fuit.
1034 2024 1218 2075 Hinn.

697 2108 778 2161 18.
841 2104 1174 2159 Οοτίηαεεαιη.·
1223 2100 1308 2153 Ab
1367 2099 1607 2154 oleastris
1623 2135 1641 2165 ,

611 2206 746 2256 quos
781 2186 956 2239 Graeci
987 2184 1200 2242 κοτίνους
1227 2192 1435 2234 vocent.
1464 2180 1533 2233 H.
1564 2212 1647 2223 -

611 2268 820 2319 Vereor
841 2276 902 2317 ut
920 2260 1054 2317 illud
1084 2260 1218 2331 apud
1239 2279 1320 2311 eos
1340 2260 1645 2312 Plinisnum

611 2347 697 2400 sit.
727 2346 886 2399 Certe
912 2344 968 2396 in
998 2342 1148 2394 libris
1187 2358 1347 2393 mauu
1389 2340 1642 2403 exaratis,

612 2428 744 2496 Reg.
771 2443 822 2493 1,
847 2444 874 2477 2
892 2458 910 2487 ,
933 2422 1088 2474 Colb.
1118 2437 1168 2483 1,
1191 2440 1244 2483 α,
1267 2418 1435 2471 Paris.
1459 2417 1643 2472 Chiffl.

615 2519 668 2558 et
700 2506 876 2557 Parm.
897 2501 1022 2555 edit.
1049 2500 1246 2571 legitur
1281 2498 1587 2550 Potinussam
1614 2516 1646 2548 a

608 2587 790 2655 puteis.
821 2584 892 2635 Et
917 2581 984 2634 de
1009 2579 1184 2652 puteis
1207 2576 1427 2649 quidem
1456 2578 1513 2630 in
1536 2578 1647 2630 Ga-

501 2666 510 2680 “
615 2662 768 2717 dium
808 2662 984 2715 insula
1028 2657 1431 2729 frequentibus,
1476 2656 1647 2728 proli-

613 2762 740 2797 xam
775 2739 1222 2796 concertationem
1262 2736 1456 2789 Strabo
1496 2735 1648 2789 insti-

617 2824 744 2889 tuit,
772 2841 838 2875 ex
860 2820 1088 2893 Polybio
1106 2858 1122 2883 ,
1153 2818 1253 2871 lib.
1275 2818 1387 2878 111,
1423 2836 1480 2883 p.
1513 2816 1647 2886 173.

618 2902 984 2970 Quamobrem
1009 2918 1038 2952 a
1059 2910 1238 2951 vetere
1261 2896 1525 2967 scriptura
1546 2893 1654 2948 dis-

617 2981 808 3037 cedere
859 2978 1206 3033 Hermolaum
1257 2976 1482 3029 fortssse
1536 2992 1649 3027 non

619 3060 898 3135 oportuit:
937 3074 1258 3129 quamquem
1287 3054 1337 3108 ei
1367 3054 1653 3123 scriptores

619 3160 720 3196 nec
749 3140 908 3212 pauci
940 3138 1116 3191 favent
1135 3168 1152 3196 ‚
1193 3152 1294 3187 nec
1339 3132 1600 3205 ignobiles
1634 3149 1654 3186 z⁴

619 3240 746 3276 nam
758 3220 940 3273 Festus
954 3215 1268 3281 Avienus,in
1284 3212 1655 3283 Descriptione

621 3301 768 3355 orbis
805 3295 963 3359 (vide
986 3297 1134 3348 Poet.
1155 3296 1272 3347 Lat.
1303 3293 1438 3345 min.
1459 3304 1655 3345 nostrae

622 3380 710 3435 ed.
737 3378 860 3442 t.V,
885 3396 942 3448 p.
967 3370 1126 3439 218),
1153 3392 1228 3425 vs.
1254 3378 1402 3427 611:
1439 3398 1462 3421 ιι
1484 3369 1657 3425 Gadir

620 3460 795 3533 prima
840 3458 1052 3510 fretum.
1079 3451 1248 3506 solida
1293 3453 1653 3523 supereminet

623 3558 779 3594 arce:
827 3536 954 3589 Haec
980 3533 1258 3587 Cotinussa
1295 3534 1446 3603 prius
1482 3532 1654 3583 fueret

623 3622 722 3673 sub
745 3616 966 3671 nomine
997 3613 1206 3687 prisco,
1241 3612 1653 3681 Tartessumque

624 3699 820 3753 dehinc
842 3695 1000 3767 Tyrii
1035 3693 1221 3746 dixere
1260 3693 1435 3745 coloni
1460 3710 1474 3743 :
1524 3692 1651 3743 Bar·

623 3782 752 3833 bara
779 3778 906 3849 quin
937 3775 1097 3831 etiem
1117 3771 1294 3825 Gades
1308 3772 1446 3825 hanc
1469 3770 1653 3839 lingua

624 3859 962 3929 frequentat:
1003 3856 1198 3907 Poenus
1235 3850 1437 3923 quippe
1472 3850 1653 3901 locum

625 3936 797 4007 Qadir
829 3947 984 3988 vocat
1020 3930 1266 4002 undique
1301 3944 1511 4001 septum
1546 3931 1653 3999 Ag-

625 4036 747 4087 gere
767 4013 1064 4087 praeducto.
1087 4039 1108 4059 -
1137 4011 1452 4083 Dionysium
1472 4008 1655 4061 Festus

625 4095 909 4168 expressit,
943 4092 1040 4165 qui
1062 4110 1138 4147 vs.
1157 4090 1268 4155 456
1295 4108 1310 4144 :
1337 4089 1650 4159 Κλῃζομένην

1727 1313 2031 1363 Κοτινοῦσαν
2060 1350 2077 1374 ,
2154 1310 2451 1380 &eunifimi-o
2518 1308 2772 1385 Γάδειρα.

1728 1386 1881 1441 Adde
1906 1390 2135 1441 Tzetzen
2150 1427 2167 1452 ,
2201 1390 2433 1445 Cbilind.
2457 1394 2489 1446 8
2510 1430 2527 1455 ,
2566 1393 2773 1445 Histor-

1734 1470 1877 1532 216,
1906 1486 1985 1520 vs·
2016 1468 2127 1539 687
2154 1489 2170 1522 :
2218 1460 2265 1523 131
2291 1476 2373 1523 νῦν
2396 1475 2547 1533 νῆσος
2590 1474 2627 1529 ἦ
2674 1474 2776 1525 Γᾶ-

1726 1542 1871 1617 διιρα
1892 1549 1982 1606 τὴν
2004 1552 2172 1604 κλῆσιν
2196 1552 2487 1619 καλουμένη,
2504 1557 2581 1605 Τὸ
2604 1554 2773 1623 septim

1730 1628 2125 1698 ὦνομάζιτστῆν
2149 1635 2319 1687 κλῆσιν
2344 1636 2656 1684 Κοτινοῦσα.

1817 1733 1907 1785 19.
1934 1716 2211 1769 Tar-resson.
2240 1716 2330 1771 sie
2364 1719 2665 1785 Arrianus,
2702 1718 2771 1773 de

1730 1793 1934 1864 Exped.
1958 1796 2107 1849 Alex.
2126 1797 2219 1849 lib.
2240 1798 2330 1860 11,
2366 1817 2489 1870 pag.
2526 1804 2666 1854 126.
2702 1800 2769 1852 H.

1729 1874 1937 1927 —Vet.
1966 1874 2114 1946 apud
2141 1876 2449 1949 Dalecamp.
2472 1880 2607 1931 Post
2634 1880 2777 1951 Tyrii

1737 1953 2000 2007 Tartesson
2031 1956 2344 2026 appellavere.
2374 1960 2483 2012 En.

1819 2062 1905 2097 20.
1931 2044 2070 2095 Poem·
2100 2043 2282 2097 Gadir.
2300 2044 2464 2111 Quod
2494 2060 2557 2101 ut
2586 2048 2774 2117 Hispa·

1730 2124 1837 2176 niae
1864 2142 2044 2195 sepes,
2079 2135 2360 2195 septumve
2402 2118 2487 2195 (id
2504 2128 2652 2180 enim
2674 2128 2773 2179 He-

1730 2200 1888 2256 braeis
1916 2204 2074 2256 etiam
2103 2223 2245 2318 ἾἹᾹ
2280 2204 2483 2259 Gloeder
2498 2206 2609 2271 est)
2627 2246 2643 2273 ,
2672 2209 2766 2260 ob·

1728 2325 1868 2395 jecta
1908 2326 2126 2378 marinis
2160 2326 2418 2379 fluctibus
2448 2341 2607 2382 esset.
2647 2328 2769 2381 unc

1734 2404 1948 2457 Solinus
1988 2404 2179 2458 iisdem
2214 2406 2419 2471 verbis,
2445 2426 2569 2478 esp.
2596 2426 2766 2471 xxm,

1732 2502 1791 2555 p.
1819 2491 1909 2549 44.
1936 2485 2264 2555 Hesychius,
2282 2502 2339 2557 p.
2362 2504 2493 2555 207,
2519 2484 2765 2558 Γάδειρα,

1735 2563 1801 2617 τὰ
1822 2564 2227 2635 περιφράγματα.
2248 2566 2485 2627 Φοίνικες.
2502 2566 2767 2620 Eum.—

1732 2644 1970 2712 Baptista
1994 2644 2251 2715 Egnatius
2270 2663 2391 2715 cap.
2430 2646 2501 2699 25
2518 2684 2533 2709 ,
2554 2648 2763 2699 Raoem.

1740 2750 1763 2772 ιι
1783 2722 1935 2775 Poeni
1964 2723 2237 2777 Gadiram.
2253 2726 2391 2777 Nam
2416 2724 2591 2779 Gadir
2612 2726 2767 2779 Puni-

1735 2821 1797 2857 ce
1822 2802 2002 2874 lingua
2026 2822 2205 2875 sepem
2234 2804 2560 2875 significatu
2588 2808 2727 2859 Du..

1822 2909 1914 2944 21.
1946 2892 2180 2964 Erythia.
2226 2892 2309 2945 De
2340 2895 2549 2964 majore
2586 2894 2763 2947 hacte-

1735 2989 1839 3023 nus
1868 2988 1882 3022 :
1914 2990 2062 3023 nunc
2100 2969 2171 3023 de
2210 2971 2373 3025 altera
2410 2972 2613 3039 insula,
2648 2990 2765 3045 qun

1736 3050 1915 3103 minor
1938 3063 2031 3103 est.
2058 3052 2239 3105 Ham.

1820 3148 1913 3183 22.
1946 3129 2243 3200 Aborigines
2272 3150 2453 3186 eorum.
2496 3135 2617 3187 Hoc
2652 3145 2757 3194 est,

1739 3208 2025 3263 Poenorutu
2052 3208 2361 3265 conditores
2377 3250 2395 3278 ,
2426 3232 2491 3266 ac
2510 3214 2657 3266 velut
2673 3230 2759 3283 ps-

1738 3302 1941 3342 rentes:
1971 3288 2046 3343 sic
2079 3289 2223 3342 enim
2267 3291 2559 3363 Dionysius
2596 3292 2759 3345 Helie.

1740 3368 2055 3439 Aborigines
2099 3369 2483 3439 interpretatur
2524 3374 2759 3443 γίναρχας

1736 3448 1769 3505 ἢ
1786 3450 2136 3517 πρωτογόνους.
2158 3450 2501 3521 Aborigines,
2512 3466 2575 3505 ut
2586 3452 2759 3503 Festus

1736 3525 2095 3593 indicat,sunt
2110 3528 2330 3601 proprie
2346 3520 2441 3601 qui
2456 3530 2527 3583 ab
2544 3531 2760 3600 origine,

1738 3624 1829 3661 seu
1846 3608 2030 3676 patriis
2048 3606 2263 3662 sedibus
2283 3610 2512 3680 profecti
2526 3650 2541 3673 ,
2562 3623 2757 3663 exteras

1738 3687 1983 3758 regiones
2044 3702 2459 3757 occupaverunt.
2522 3688 2757 3760 Origines

1739 3786 1831 3819 eos
1856 3764 2125 3837 appellare
2160 3768 2437 3821 Sallustius
2463 3768 2674 3823 videtur
2702 3766 2754 3819 in

1738 3846 1883 3899 bello
1901 3847 1935 3897 J
1940 3864 2027 3917 ug.
2048 3865 2100 3917 p.
2122 3852 2194 3916 67
2212 3846 2395 3918 (hujus
2408 3846 2493 3900 ed.
2514 3868 2571 3918 p.
2592 3836 2720 3917 179)
2736 3886 2750 3907 .

1740 3926 1834 3977 ubi
1864 3924 1932 3978 de
1964 3926 2301 3980 Phoenicibus
2325 3944 2341 3979 :
2390 3954 2415 3975 ι
2442 3929 2647 3990 Urbes,
2682 3927 2755 3977 in-

1738 4006 1889 4075 quit,
1929 4004 1989 4057 in
2022 4024 2115 4058 ora
2140 4007 2407 4061 maritima
2432 4006 2748 4061 condidere:

1738 4086 1923 4157 haeque
1956 4086 2109 4139 brevi
2152 4086 2383 4141 multum
2418 4100 2613 4151 aucta,
2640 4102 2751 4157 pars
