2950 5017
610 446 754 532 436

1099 516 1104 519 ,
1165 447 1242 513 C.
1295 446 1633 517 PLINII
1682 447 1897 519 NAT.
1948 447 2205 517 HIST.

607 565 828 651 nium⁸
873 604 1020 650 an
1059 602 1137 649 Μ.
1171 604 1505 675 passuum.
1542 579 1709 650 Inde
1734 578 2203 650 Alexandriam
2232 602 2319 649 cc
2352 579 2556 651 millia
2591 607 2735 677 pas·

541 727 568 758 η
609 714 802 758 suum
837 714 852 756 z
881 686 1160 756 latitudo
1188 708 1406 755 cnxlx
1436 700 1555 755 est.
1580 686 2053 758 Eratosthenes
2081 710 2121 754 a
2150 686 2427 779 Cyrenis
2460 687 2737 760 Alexan-

607 795 818 864 driam
865 794 1160 863 terrestri
1198 794 1432 861 itinere
1486 816 1683 861 nxxv
1732 816 1813 863 u.
1863 816 2035 887 pass,
2092 791 2403 887 prodidit.
2448 795 2737 890 Agrippa

607 901 810 969 totius
862 901 1104 969 Africae
1149 923 1190 967 a
1241 899 1410 967 mari
1457 898 1794 969 Atlantico
1859 922 2015 968 cum
2080 898 2391 969 inferiore
2452 902 2737 995 AEgypto

606 995 748 1075 {fi
787 1004 920 1077 ιιι,9
973 1004 1134 1074 mill.
1171 1028 1487 1100 passuum
1530 1004 2009 1099 longitudinem
2034 1002 2103 1072 ¹⁰.
2134 1003 2443 1099 Polybius
2484 1021 2548 1074 et
2578 1010 2737 1075 Era-

607 1114 943 1183 tosthenes
979 1110 1456 1206 diligentissimi
1494 1112 1885 1199 existimati,
1914 1112 2000 1180 ab
2024 1112 2303 1181 Oceano
2336 1110 2424 1181 ad
2458 1113 2741 1183 Cartba-

605 1222 826 1313 ginem
865 1242 1174 1314 magnam
1197 1271 1216 1304 ,
1247 1205 1388 1286 {3⁸¹
1431 1216 1591 1286 mill.
1628 1242 1951 1348 passuum
1989 1217 2109 1286 :ab
2138 1240 2218 1285 ea
2238 1215 2285 1242 ¹²
2317 1220 2735 1312 Canopicum

600 1325 734 1395 Nili
784 1327 1162 1421 proximum
1211 1326 1452 1394 ostium
1494 1312 1623 1392 {3¹
1703 1346 1937 1394 xxvm
1986 1322 2313 1393 fecerunt.
2364 1324 2665 1397 Isidorus
2704 1349 2743 1392 a

597 1433 792 1527 Tingi
834 1434 1188 1525 Canopum
1247 1418 1438 1499 fiis-r
1477 1453 1651 1501 xcix
1669 1417 1719 1462 ¹⁴
1735 1426 1894 1498 mill.
1916 1452 2269 1523 passuum,
2290 1430 2745 1499 Artemidorus

599 1563 688 1609 χι,
723 1523 1006 1607 minus¹⁵
1037 1562 1236 1630 quam
1264 1536 1577 1607 Isidorus.

707 1647 866 1715 Vll.
907 1634 1099 1736 (vu.)
1139 1642 1433 1713 Insulas¹
1464 1668 1603 1717 non
1642 1644 1733 1711 ita
1768 1639 2009 1711 multas
2042 1640 2582 1737 complectuntur
2606 1642 2747 1711 haec

599 1823 716 1877 Nic.
740 1824 768 1875 1
785 1863 800 1887 ,
826 1826 957 1875 Titus
970 1825 1262 1883 Paroeconii,
1275 1821 1334 1875 in
1355 1820 1627 1895 provincia

601 1904 785 1977 Libyae
803 1900 1082 1955 inferioris.
1103 1900 1259 1955 Nunc
1273 1902 1415 1955 illam
1436 1904 1630 1953 Al-Ba·

601 1998 768 2035 reeoun
795 1982 978 2035 vocari
1000 1981 1073 2034 ait
1099 1981 1422 2034 n'Anvnmn.
1449 1980 1627 2033 Han.

599 2074 652 2115 et
673 2062 776 2114 En.

671 2142 722 2195 8.
749 2144 945 2192 LXXII
975 2144 1046 2192 M.
1067 2158 1208 2207 pass.
1240 2142 1370 2191 Inde
1395 2141 1632 2191 Alexan·

599 2221 760 2272 driam
786 2223 867 2274 00
881 2222 1000 2273 mill.
1021 2218 1261 2291 Uterque
1283 2236 1557 2281 numerus,
1574 2218 1629 2270 in

594 2299 744 2352 libris
771 2298 1043 2371 impressis
1086 2310 1402 2370 corruptus,
1419 2318 1446 2351 a
1474 2298 1632 2351 nobis

595 2381 867 2434 restitutus
893 2391 969 2433 est
982 2420 1000 2446 ,
1040 2391 1154 2431 tum
1175 2396 1277 2449 ope
1297 2376 1546 2431 codicum
1565 2377 1629 2430 R.

603 2479 628 2512 1
653 2499 670 2524 ,
699 2479 756 2525 2,
775 2459 929 2511 Colb.
955 2477 1010 2523 1,
1041 2457 1283 2521 ’,ΡΜ-ῖς.
1313 2454 1496 2510 Chisfl.
1516 2467 1631 2508 tum

599 2538 762 2611 ipsius
778 2537 1028 2591 Martiani
1046 2534 1322 2589 admonitu
1333 2573 1348 2597 ,
1368 2553 1531 2607 quem
1548 2553 1632 2588 se·

600 2619 735 2685 cuti,
761 2636 864 2689 pro
889 2636 976 2671 ιιι
998 2632 1064 2669 n.
1091 2615 1460 2686 rescripsimus
1480 2632 1599 2667 Lxu
1614 2650 1631 2678 ,

600 2718 663 2752 ac
703 2716 800 2769 pro
831 2700 872 2747 0
908 2698 1028 2748 mill.
1067 2696 1306 2749 restituta
1347 2692 1633 2746 centenarii

599 2790 746 2839 nota,
763 2794 880 2848 quai
899 2774 1043 2829 facili
1057 2776 1206 2846 lapsu
1222 2772 1635 2826 amanuensibus

601 2855 825 2920 excidit,
852 2858 931 2907 00
956 2857 1076 2907 mill.
1097 2854 1280 2907 Hann.

675 2956 728 3003 9.
759 2925 914 2987 XXX
930 2940 1030 2987 XL.
1049 2933 1164 2987 Hoc
1183 2942 1282 2993 est,
1309 2930 1486 2983 tricies
1507 2948 1637 2984 cen-

603 3028 754 3082 tena,
791 3028 846 3067 et
887 3010 1244 3086 quadraginta
1288 3010 1451 3063 millia
1495 3028 1633 3081 pass.

604 3105 664 3146 ut
703 3108 848 3148 recte
869 3092 1170 3148 Martianus
1208 3090 1592 3162 interpretatur
1612 3129 1630 3155 ,

603 3174 695 3227 lib.
722 3173 829 3231 VI,
857 3190 972 3243 cap.
992 3170 1060 3223 de
1087 3169 1284 3222 Africa!
1305 3168 1460 3221 tertio
1490 3169 1631 3233 sinu,

603 3270 900 3344 pagbn17,
940 3249 1082 3322 apud
1112 3268 1273 3321 quem
1299 3260 1476 3300 tamen
1506 3268 1631 3316 qua-

603 3334 870 3400 dringenta
909 3348 1190 3401 perperam
1209 3366 1225 3391 ‚
1268 3346 1368 3400 pro
1409 3332 1632 3395 quadra-

599 3413 745 3478 ginta
769 3409 1039 3464 scribitur.
1085 3408 1273 3479 Neque
1298 3406 1439 3462 enim
1464 3406 1635 3461 latine

603 3490 832 3543 dicimus
849 3487 1026 3541 tricies
1041 3486 1424 3559 quadringenta
1445 3500 1459 3538 ε
1480 3485 1572 3539 sed
1591 3486 1636 3539 si

603 3569 650 3622 is
677 3586 933 3621 numerus
969 3565 1192 3637 exprimi
1234 3564 1425 3629 debet,
1473 3566 1633 3617 tricies

602 3662 803 3714 quater,
829 3643 1277 3718 subintelligendo
1299 3655 1543 3697 centena.
1564 3644 1631 3698 H.

602 3757 673 3766 ——
688 3727 812 3779 Vet.
836 3722 986 3799 apud
1003 3725 1306 3795 Dalecamp.
1324 3734 1376 3775 et
1394 3720 1631 3775 Chisflet.

601 3822 708 3859 xxx
737 3822 894 3857 mxx.
933 3803 1038 3855 En.

679 3902 765 3935 ιο.
793 3884 1184 3950 Longimdinem.
1211 3880 1338 3934 Vct.
1363 3878 1505 3950 apud
1525 3880 1631 3933 Da·

511 4028 514 4032 ἵ
601 3963 699 4013 lec.
722 3964 1072 4029 longitudinem
1089 3962 1282 4029 posuit,
1299 3957 1480 4014 addita
1498 3976 1629 4013 voce

597 4044 774 4109 posuit.
799 4040 900 4092 En.

1790 1846 1872 1881 11.
1900 1810 1992 1880 ’ῑῖ
2010 1830 2128 1880 mill.
2156 1826 2277 1881 Hoc
2302 1842 2409 1894 est,
2430 1842 2492 1882 ut
2526 1830 2750 1883 Martia·

1712 1926 1811 1960 nus
1838 1906 1939 1971 ait,
1986 1905 2241 1961 undecies
2290 1920 2515 1961 centena
2562 1910 2746 1962 millia.

1713 1990 1795 2040 Ita
1811 1986 1934 2039 libri
1956 2004 2159 2039 omnes.
2182 1985 2334 2040 Editi
2353 1988 2545 2042 vitiose
2568 1988 2751 2062 leg-unt

1714 2070 1770 2116 X
1770 2071 1861 2118 71.
1886 2066 2069 2117 nnn.

1790 2162 1872 2197 12.
1900 2148 1981 2195 Ab
2008 2164 2071 2194 ea
2099 2147 2413 2211 Canopicum.
2442 2144 2575 2218 Leg.
2599 2150 2669 2198 ab
2690 2165 2750 2197 ea

1718 2224 2003 2291 Canopum,
2030 2241 2093 2275 ex
2112 2220 2264 2274 MSS.
2288 2224 2412 2294 Reg.
2443 2236 2493 2276 et
2517 2224 2755 2278 editione

1712 2301 1971 2373 principe.
2005 2300 2171 2353 Bnor.
2198 2330 2271 2341 —-
2305 2302 2545 2355 Volebat
2572 2304 2753 2356 Dslee.

1720 2404 1743 2427 ι
1765 2380 1835 2431 ab
1871 2396 1932 2431 ea
1974 2378 2045 2433 ad
2081 2379 2416 2452 Canopicum
2434 2382 2547 2435 Nili
2576 2382 2759 2456 proxi-

1718 2478 1866 2513 mum
1884 2457 2041 2513 ostio.
2064 2484 2089 2505 a
2112 2460 2217 2512 En.

1794 2538 1874 2593 13.
1904 2530 2009 2592 ff'
2026 2544 2273 2592 XXVIII.
2285 2540 2623 2606 Quindecies
2636 2560 2757 2597 cen-

1716 2628 1869 2681 tena,
1894 2630 1946 2671 et
1969 2617 2157 2689 viginti
2182 2630 2306 2672 octo
2329 2620 2462 2673 mill.
2502 2639 2653 2693 pass.
2680 2623 2758 2674 Ita

1717 2698 1840 2767 Reg.
1887 2716 1908 2750 1
1930 2735 1947 2760 ,
1977 2716 2006 2749 2
2028 2734 2047 2761 ,
2087 2696 2325 2752 Colbert.
2372 2718 2433 2760 ι,
2478 2718 2508 2751 s
2541 2740 2559 2765 ,
2592 2699 2759 2754 Paris.

1718 2790 1822 2830 etc.
1842 2776 2018 2829 Hsnn.
2038 2806 2109 2817 -
2122 2777 2299 2831 Delec.
2320 2782 2452 2831 XVI
2467 2783 2599 2831 mill.
2615 2800 2758 2848 pass.

1720 2856 2006 2908 lxxxvet.
2034 2854 2181 2926 apud
2198 2856 2446 2909 eumdem
2464 2862 2762 2920 LXXVIII,

1719 2952 1820 3005 pro
1844 2938 2007 2985 XXX.
2034 2932 2137 2985 En.

1796 3020 1879 3078 ¹¹5·
1908 3018 2109 3065 XXXV
2128 3012 2519 3067 XCIX.Tricies
2536 3024 2593 3068 et
2607 3016 2763 3088 qnin-

1719 3090 1870 3163 quies
1904 3102 2153 3152 centena,
2192 3104 2245 3145 et
2286 3091 2643 3165 quadraginta
2668 3114 2764 3148 no-

1720 3188 1837 3223 vem
1869 3170 2035 3222 millia
2055 3183 2329 3241 passuum.
2357 3171 2545 3227 num.

1795 3250 1877 3303 15.
1891 3254 1980 3301 XL
1995 3252 2095 3301 utin
2102 3270 2169 3303 us.
2184 3250 2311 3323 Leg.
2334 3256 2425 3303 11.
2443 3256 2569 3306 mill.
2582 3256 2763 3305 minus.

1719 3330 1798 3382 Ita
1824 3329 1973 3382 MSS.
2014 3330 2143 3401 neg.
2181 3342 2234 3384 et
2280 3329 2449 3383 editio
2491 3333 2766 3404 princeps.

1718 3408 1826 3461 En.
1842 3438 1913 3448 —-—
1927 3408 2171 3462 Detrahit
2190 3408 2562 3464 Artemidorus
2581 3410 2655 3465 de
2675 3412 2767 3464 lsi·

1718 3486 1836 3541 dori
1862 3504 2104 3549 summa,
2130 3506 2201 3541 xz.
2221 3488 2405 3541 millis.
2430 3488 2620 3543 Eun.

1790 3565 1922 3619 vn.
1959 3584 2006 3619 1.
2037 3570 2258 3621 Insulas.
2284 3567 2423 3619 Huic
2445 3569 2621 3640 capiti
2638 3569 2768 3622 lem·

1719 3662 1807 3697 ma
1834 3644 1974 3696 istud
2014 3644 2180 3697 Plinii
2222 3646 2454 3699 editores
2479 3666 2544 3699 ex
2576 3647 2769 3701 Indice

1716 3724 1881 3795 hujus
1908 3722 2031 3775 libri
2059 3724 2285 3795 petitum
2306 3725 2593 3796 prr-fixere
2616 3744 2633 3779 ε
2654 3728 2772 3779 «In-
2842 3774 2847 3778 .

1714 3801 1841 3855 suloe
1878 3801 2021 3855 circu
2061 3802 2303 3855 Africam
2319 3842 2334 3866 ,
2358 3816 2414 3855 et
2440 3822 2509 3857 ex
2534 3803 2769 3859 adverso

1716 3880 2185 3954 Africset»quum
2224 3895 2403 3935 tamen
2448 3884 2623 3937 nullae
2662 3886 2769 3939 boc

1718 3960 1837 4011 loco
1860 3972 2221 4013 memorentur
2234 3962 2626 4035 insulae,qnam
2647 3984 2769 4036 qun

1720 4052 1909 4091 contra
1958 4038 2193 4093 Africam
2245 4040 2299 4093 in
2352 4040 2770 4099 mediterraneo
