2950 5017
453 454 501 525 6
982 460 1058 527 C.
1114 458 1455 528 PLINII
1509 460 1732 527 NAT.
1789 460 2047 527 HIST.

556 590 644 658 Π.
690 589 771 657 In
804 612 887 657 eo
919 592 1133 683 prima
1167 592 1488 686 Hispania
1524 604 1850 659 terrarum
1879 604 2009 678 est,
2046 589 2323 660 ulterior
2353 592 2586 687 appel-

447 695 619 778 lata,
639 694 872 764 eadem
907 698 1167 767 Baetica.
1199 700 1366 767 Mox
1399 721 1440 766 a
1462 695 1627 766 fine*
1659 698 1989 791 Urgitano
2017 699 2305 783 citerior,
2333 699 2588 767 eadem-

448 826 579 897 que
621 802 1137 873 Tarraconensis
1184 802 1271 873 ad
1310 807 1624 899 Pyrenaea
1671 804 1850 898 juga.
1895 802 2193 873 Ulterior
2238 808 2307 873 in
2355 804 2559 875 duas²
2561 858 2584 893 ,

448 934 571 1003 per
602 906 1118 1003 longitudinem,
1161 912 1536 1005 provincias
1571 910 1902 979 dividitur.
1931 898 2304 1005 Siquidem³
2329 913 2588 981 Baeticae

448 1014 652 1085 latere
692 1016 1211 1111 septemtrionali
1261 1017 1696 1147 praetenditur
1747 1018 2115 1106 Lusitania,
2163 1042 2358 1087 amne
2399 1007 2590 1088 Ana⁴

446 1121 749 1191 discreta.
784 1124 993 1191 Ortus
1022 1123 1133 1193 hic
1169 1108 1628 1197 Laminitano⁵
1656 1147 1828 1218 agro
1855 1124 2175 1193 citerioris
2218 1126 2586 1220 Hispaniae,

446 1242 517 1301 et
552 1226 757 1297 modo
798 1252 869 1297 se
909 1230 977 1297 in
1014 1242 1245 1324 stagna
1290 1230 1607 1317 fundens,
1646 1229 1850 1299 modo
1895 1232 1965 1299 in
1995 1234 2330 1325 angustias
2363 1254 2586 1300 resor-

446 1332 648 1421 bens,
696 1348 813 1403 aut
863 1336 931 1404 in
974 1350 1191 1405 totum
1248 1334 1570 1406 cuniculis
1611 1335 1948 1423 condem,
2001 1350 2070 1406 et
2119 1340 2356 1433 saepius
2405 1338 2588 1408 nasci

451 1440 781 1532 gaudem,
834 1441 903 1509 in
949 1441 1356 1513 Atlanticum
1406 1444 1757 1512 Oceanum
1813 1442 2208 1513 effunditur.
2257 1449 2590 1513 Tarraco-

446 1548 667 1616 nensis
712 1561 935 1617 autem
977 1534 1168 1621 hinc⁶
1212 1550 1413 1619 affixa
1455 1552 1812 1643 Pyrenaeo,
1869 1563 2144 1644 totoque
2198 1551 2340 1645 ejus
2384 1550 2590 1619 latere

446 1652 855 1741 decurrens,
897 1668 965 1725 et
1000 1656 1195 1725 simul
1235 1657 1321 1725 ad
1366 1654 1740 1727 Gallicum⁷
1806 1659 2156 1727 Oceanum
2200 1643 2509 1727 Iberico⁸
2550 1680 2592 1725 a

518 1863 591 1915 11.
624 1882 670 1916 1.
698 1867 816 1915 Fine
864 1866 1123 1932 Urgitano.
1153 1864 1259 1917 Seu
1298 1864 1475 1936 potius

453 1946 717 2007 mettano,
755 1960 921 2013 quum
940 1942 1207 2014 oppidum
1238 1947 1354 1995 Urci
1380 1962 1475 1997 vo-

448 2034 533 2075 cet
566 2022 785 2083 Noster,
822 2040 933 2093 cap.
964 2028 1033 2087 4,
1078 2022 1236 2093 hujus
1262 2022 1361 2075 lib.
1394 2022 1478 2075 his

448 2101 627 2157 verbis
654 2120 670 2154 z
706 2104 901 2169 Oppida
923 2121 1026 2153 oroe
1038 2106 1305 2171 proxima,
1332 2104 1473 2162 Urci,

444 2193 547 2235 etc.
565 2179 791 2233 Ptolem.
818 2180 908 2233 lib.
932 2181 989 2232 11
1005 2220 1020 2246 ,
1048 2200 1166 2251 cap.
1186 2184 1218 2233 6
1240 2216 1257 2243 ,
1286 2182 1477 2251 Cupit-7³3

445 2273 498 2314 et
516 2261 837 2325 Martianus,
854 2262 1011 2327 tvl,
1028 2280 1079 2315 c.
1097 2262 1166 2314 de
1182 2261 1433 2333 Hispania
1456 2280 1471 2315 ε

444 2364 474 2388 ᾳ
502 2340 585 2393 Ab
620 2340 881 2393 Urcitano
913 2340 1021 2393 fine
1040 2379 1057 2408 ,
1100 2360 1207 2413 qua
1264 2340 1480 2394 citerior

446 2431 589 2473 meat
602 2458 619 2481 ‚
640 2420 1059 2474 Tarraconensis
1075 2420 1289 2487 dicitnr.
1300 2446 1325 2467 n
1338 2422 1476 2476 Mela

446 2508 662 2560 antem,
700 2498 792 2550 lib.
828 2499 910 2565 11,
956 2517 1077 2570 cap.
1107 2502 1141 2551 6
1182 2518 1195 2551 :
1242 2524 1266 2546 ι
1288 2499 1439 2572 Virgi
1462 2539 1477 2563 ,

446 2577 504 2629 in
532 2578 652 2631 sinu
667 2596 832 2649 quem
859 2578 1201 2649 Virgimnum
1222 2592 1435 2631 vocant.
1450 2604 1477 2625 a·

445 2658 620 2728 Hujus
660 2657 845 2730 oppidi
883 2658 1080 2711 rudera
1104 2657 1317 2728 agnosci
1350 2658 1480 2709 dicit

446 2739 779 2803 n'Anvuuz,
792 2756 901 2791 non
912 2737 1075 2808 longe
1089 2738 1158 2789 ab
1173 2738 1307 2789 urbe
1328 2744 1477 2789 Vera.

449 2814 598 2868 Illud
625 2817 791 2873 leucis
826 2814 1035 2868 circiter
1063 2828 1295 2886 quatuor
1321 2816 1391 2868 ab
1417 2833 1476 2869 ea

449 2896 588 2947 urbe
606 2894 919 2966 ponendum
944 2894 1161 2966 putavi,
1186 2894 1255 2947 ad
1282 2894 1480 2947 ostium

445 2973 597 3046 pervi
606 2972 845 3026 fluminis
861 2972 1029 3027 hodie
1040 2976 1315 3025 Almansor
1325 2973 1477 3038 dicti,

448 3067 500 3107 et
526 3054 579 3105 in
604 3052 931 3125 Urgitanum
960 3054 1137 3105 einum
1176 3052 1478 3116 influentis,

448 3134 687 3204 quinque
700 3132 915 3185 circiter
928 3133 1095 3185 leucis
1108 3133 1175 3184 ab
1190 3133 1323 3185 urbe
1335 3132 1482 3185 Mur-

448 3212 537 3283 gi,
582 3210 747 3265 hodie
774 3214 1025 3280 Mujacar,
1054 3210 1165 3265 eive
1186 3214 1482 3274 Mox-acar,-

448 3291 564 3345 haec
586 3304 764 3345 autem
790 3282 1007 3345 Baetica
1013 3292 1137 3345 finis
1156 3305 1258 3355 est,
1284 3306 1345 3343 ut
1362 3310 1476 3344 mo-

450 3371 523 3425 do
547 3370 691 3426 dicet
712 3371 927 3437 Noster,
961 3371 1049 3424 illa
1068 3371 1482 3423 Tarraconensis

450 3451 683 3507 initium..
710 3450 1027 3505 Manum-tus
1062 3454 1180 3503 Urci
1222 3448 1385 3503 hodie
1404 3451 1482 3503 vi-

451 3548 578 3583 cum
620 3535 855 3598 uorem-7·
886 3548 1001 3583 esse
1024 3528 1153 3589 dicit
1168 3569 1184 3596 ‚
1209 3529 1357 3600 quod
1382 3548 1480 3583 no-

450 3626 575 3661 men
599 3608 657 3660 in
678 3610 886 3681 mappis
908 3608 1073 3663 nullis
1090 3607 1279 3679 reperi.
1298 3608 1407 3659 En.

526 3706 575 3740 ².
602 3692 754 3741 Duas.
771 3686 953 3741 Chiffl.
985 3691 1309 3756 duas-partes.
1338 3686 1445 3739 En.

522 3774 574 3819 3.
592 3770 855 3835 Siquidem.
880 3767 1177 3821 Martianus
1193 3806 1210 3831 ‚
1236 3767 1340 3819 loo·
1364 3766 1454 3818 cit.

524 3854 573 3911 4.
593 3852 736 3898 Ana:
746 3847 903 3900 Nunc
926 3849 1195 3898 Gaudiana
1222 3864 1295 3907 ex
1310 3844 1480 3899 erabi-

452 3926 530 3981 cie
564 3924 830 3978 vocabulis
862 3928 1016 3979 Wadi
1040 3930 1159 3977 Ana
1188 3962 1204 3987 ‚
1244 3924 1353 3977 hoc
1380 3936 1483 3989 est,

435 4010 631 4076 flumen
654 4010 815 4057 Anas.
832 3992 955 4065 Ᾰνας
974 4004 1223 4058 Straboni
1238 4043 1253 4069 ‚
1266 4005 1359 4059 lib.
1368 4006 1453 4067 111
1465 4042 1480 4068 ,

450 4103 567 4157 pag.
594 4086 711 4151 139.
734 4084 840 4136 En.

1633 1868 1687 1916 5.
1730 1868 2042 1917 Laminitano
2089 1886 2233 1935 agro.
2270 1866 2354 1919 Ab
2385 1866 2593 1939 oppido

1562 1942 1708 2014 quod
1737 1946 1965 2015 Λαμίνιον
2003 1959 2159 1999 vocat
2193 1946 2506 1999 Ptolemoeus
2531 1946 2590 1997 in

1559 2023 1872 2093 Carpetania
1887 2063 1902 2089 ‚
1929 2025 2025 2079 lib.
2043 2026 2128 2086 11,
2169 2044 2218 2077 c.
2241 2028 2294 2078 6.
2317 2029 2594 2077 Laminium

1559 2103 1616 2157 in
1643 2106 2032 2159 Tarraconensi
2065 2106 2394 2171 Antoninus,
2413 2106 2508 2179 qui
2538 2106 2593 2158 id

1558 2202 1588 2235 a
1634 2184 1804 2254 capite
1845 2185 2080 2239 fluminis
2122 2188 2248 2239 Anae
2282 2186 2483 2239 distare
2519 2186 2594 2237 ait

1557 2280 1640 2316 vn
1665 2280 1728 2320 u.
1758 2281 1898 2334 pus.
1933 2264 2157 2337 Oppido
2191 2284 2390 2319 nornen
2425 2264 2594 2319 hodie

1558 2359 1671 2395 esse
1693 2345 1899 2396 Montio!
1917 2343 2048 2397 dicit
2074 2344 2342 2398 Harduin.
2367 2345 2596 2398 Pinetus

1559 2433 1734 2473 autem
1745 2433 1798 2474 et
1809 2425 2111 2476 n'Anvum
2129 2426 2401 2475 Alliambra
2414 2462 2430 2489 ‚
2445 2422 2594 2495 quod

1559 2500 1841 2553 confirmat
1874 2501 2200 2556 mannen-tus.
2227 2502 2480 2555 Exoritur
2497 2520 2596 2555 au-

1559 2590 1667 2631 tem
1685 2581 1824 2632 Anas
1846 2598 1908 2633 ex
1929 2580 2203 2634 nonnullis
2223 2581 2416 2652 stagnis
2437 2619 2452 2645 ,
2473 2584 2594 2653 qui—

1557 2658 1660 2711 bus
1682 2657 1844 2711 hodie
1871 2676 2068 2711 nomen
2097 2672 2178 2712 est
2219 2666 2354 2728 Lago
2391 2664 2456 2711 de
2481 2664 2598 2711 Rui-

1559 2742 1711 2799 dera,
1741 2756 1808 2791 ac
1825 2756 1882 2791 se
1905 2737 2018 2809 ipse
2041 2740 2236 2811 premit
2260 2739 2490 2793 subinde
2510 2758 2600 2793 an-

1557 2816 1882 2887 guttim—ibus
1894 2818 2060 2870 alveis
2076 2857 2090 2882 ,
2103 2816 2318 2872 tandem
2329 2836 2364 2871 ι.
2383 2818 2600 2872 circiter

1560 2914 1608 2949 u
1627 2914 1760 2967 pass.
1781 2914 1810 2949 a
1831 2896 2064 2949 fontibus
2087 2936 2102 2961 ‚
2131 2897 2186 2949 in
2207 2910 2378 2950 totum
2395 2936 2410 2959 ‚
2437 2909 2498 2950 ut
2523 2898 2600 2950 ait

1558 2974 1784 3041 Noster,
1809 2976 1868 3027 in
1889 2974 2154 3028 cuniculis
2184 2993 2242 3028 se
2263 2976 2446 3030 condit
2462 3014 2477 3037 ‚
2501 2994 2597 3047 per

1559 3074 1632 3108 xv
1659 3054 1874 3107 circiter
1909 3070 1972 3107 ιι.
1997 3071 2136 3125 pass.
2173 3054 2478 3127 iterumque
2523 3054 2597 3108 ad

1560 3130 1732 3185 lucem
1759 3129 1940 3201 prodit
1955 3168 1970 3193 ‚
1994 3132 2050 3183 in
2071 3148 2260 3202 magna
2279 3150 2394 3185 sese
2411 3144 2596 3203 stagna

1558 3208 1899 3275 diffundens,
1917 3228 2040 3281 quoe
2063 3209 2133 3262 ab
2156 3211 2348 3263 incolis
2361 3217 2460 3262 [οε
2477 3230 2598 3277 oyoe

1560 3290 1624 3339 de
1639 3290 1908 3339 Gaudiana
1923 3326 1942 3349 ,
1969 3290 2094 3343 Ana
2127 3290 2270 3342 oculi
2301 3304 2598 3355 vocantur-3

1561 3368 1633 3420 ita
1653 3366 1876 3439 sapius,
1897 3379 1957 3421 ut
1981 3368 2052 3420 ait
2079 3369 2288 3431 Noster,
2310 3370 2456 3424 nasci
2475 3388 2602 3442 gau-

1561 3448 1712 3502 dens.
1744 3447 1849 3501 En.

1633 3530 1686 3579 6.
1709 3530 1857 3579 Hinc.
1885 3524 2044 3600 Apud
2071 3526 2378 3601 Dalecainp.
2412 3542 2466 3583 et
2484 3528 2598 3583 Elz.

1566 3606 1732 3660 deest.
1757 3607 1862 3659 En.

1635 3704 1686 3757 7.
1745 3689 1832 3737 Aa
1879 3688 2124 3739 Gallicum
2171 3692 2439 3739 Oceanum.
2489 3688 2602 3753 Qui

1570 3765 1663 3819 hic
1681 3764 1839 3818 etiam
1854 3765 2205 3837 Aquitanicus
2223 3778 2446 3818 vocatur
2462 3803 2478 3829 ,
2497 3766 2600 3819 ho-

1565 3844 1654 3898 die
1677 3846 1822 3914 golfe
1844 3849 1909 3897 de
1935 3849 2146 3911 Biseaye
2176 3846 2268 3898 vel.
2303 3848 2367 3896 de
2407 3850 2599 3898 Gaseo·

1635 3945 1680 3977 e.
1719 3925 1824 3979 En.

1563 3944 1634 3995 8¹⁸
1652 4006 1702 4057 8.
1723 4006 1908 4055 Iber-ico
1933 4022 1970 4053 a
1985 4006 2128 4053 mari.
2171 4001 2333 4067 Quod
2375 4001 2570 4057 Noster
2585 4042 2602 4065 ,

1581 4102 1698 4155 cap.
1716 4100 1750 4152 9
1763 4120 1778 4146 ,
1801 4081 2088 4154 Hispan-um
2107 4098 2324 4153 quoque
2349 4094 2404 4137 et
2421 4082 2601 4136 Balea-
