2950 5017
1087 430 1400 499 LIBER
1447 430 1534 499 V.

2235 429 2368 511 441

239 543 660 653 Blemmyis&
693 558 1054 629 traduntur
1077 562 1295 657 capita
1325 560 1591 649 abesse,
1626 584 1743 629 ore
1769 573 1838 628 et.
1877 558 2084 629 oeulis
2124 562 2379 654 pectori

241 664 475 735 affixis.
532 650 840 759 Satyris31
859 718 882 751 ‚
919 681 1160 760 praeter
1213 666 1539 787 figuram,
1570 614 1755 797 ’3nihil
1802 668 2006 735 moris
2066 666 2377 753 humani,
2477 718 2485 725 -

239 771 686 901 AEgipanum‚
732 770 944 866 qualis
1009 772 1212 867 vulgo
1268 758 1629 869 pingitur3²
1652 826 1671 859 ‚
1736 772 1967 841 forma.
2030 772 2375 842 Himanto-

239 862 519 970 podes³³
548 876 878 1007 loripedes
896 878 1199 972 quidam,
1234 880 1475 975 quibus
1500 877 1829 973 serpendo
1853 878 2107 973 ingredi
2134 894 2375 947 natura

241 996 359 1051 est.
405 983 716 1052 Pharusii
735 968 786 1015 ³⁴
817 984 1153 1077 quondam
1191 988 1442 1072 Persae,
1490 986 1767 1056 comites
1819 984 2017 1055 fuisse
2065 984 2381 1054 dicuntur

241 1086 555 1157 Herculis
618 1088 705 1156 ad
759 1090 1157 1184 Hesperidas
1202 1092 1551 1161 tendentis,
1609 1090 1753 1161 Nec
1802 1090 1885 1160 de
1926 1089 2153 1160 Africa
2189 1088 2396 1186 plura·

239 1218 390 1287 quae
432 1206 895 1264 memorentur
911 1248 932 1281 ‚
985 1212 1368 1268 occurrunt.

235 1366 418 1415 merab
442 1380 645 1425 carent,
665 1366 737 1418 ita
755 1377 814 1419 ut
833 1365 1094 1437 legeretur
1105 1388 1275 1436 expet*-

239 1456 328 1495 oes.
357 1441 532 1497 -Ideo
561 1445 822 1498 sermonis
840 1449 1163 1502 commercio
1187 1466 1276 1501 ea-

239 1532 374 1574 rent.
401 1522 577 1575 Nullo
605 1535 852 1587 externo,
871 1536 972 1578 ete.
987 1550 1014 1571 a·
1035 1527 1140 1579 En.

307 1601 670 1669 30.Blemmy125
687 1607 962 1657 wadnam.
973 1610 1274 1671 Traduntur,

244 1680 419 1752 inquit
439 1698 457 1733 τ
478 1700 662 1753 neque
687 1682 830 1735 enim
857 1682 1022 1737 fidem
1046 1685 1278 1739 obstrin-

244 1760 314 1829 git
334 1778 516 1815 suam.
560 1764 918 1833 Augustinus,
945 1762 1014 1817 de
1053 1764 1278 1817 Civitate

245 1840 370 1903 Dei,
389 1840 492 1894 lib.
512 1840 681 1908 xv1,
703 1860 753 1895 e.
779 1843 842 1904 8,
873 1842 926 1895 id
953 1862 1066 1897 esse
1085 1862 1274 1897 verum

247 1930 386 1989 putat
415 1936 580 1991 posse
610 1934 628 1970 τ
657 1938 836 1992 neque
868 1923 1064 1975 mirum
1107 1921 1277 1976 videri

245 2010 484 2067 oportere
499 2040 518 2063 ,
543 1998 592 2054 si
614 1999 1067 2071 quemadmodum
1088 2002 1144 2053 in
1165 2002 1276 2054 sin·

247 2078 376 2146 gulis
391 2079 708 2151 quibusque
725 2080 1004 2133 hominum
1027 2081 1276 2153 gentibus

249 2156 484 2226 quadum
532 2168 772 2210 monstra
811 2169 934 2215 sunt
955 2159 1236 2212 hominum
1258 2196 1275 2222 ‚

248 2232 316 2287 ita
327 2236 383 2289 in
397 2236 664 2289 universo
673 2254 866 2308 genere
876 2237 952 2290 hu
958 2257 1119 2291 mano
1132 2256 1278 2310 qua-

253 2310 364 2367 dam
383 2326 632 2367 monstra
658 2315 766 2367 sint
788 2315 1041 2387 gentium.
1068 2317 1277 2370 Brevis-

251 2391 374 2445 simo
393 2393 436 2445 ii
454 2392 606 2446 collo
635 2392 891 2456 fortassis,
908 2394 1052 2448 unde
1069 2394 1278 2450 thoraci

252 2485 400 2541 eaput
439 2471 610 2545 jungi
660 2470 944 2526 creditum.
996 2472 1278 2545 Singula-e

251 2547 500 2619 quiddam
532 2568 665 2603 sane
689 2549 744 2601 in
775 2566 964 2605 eorum
987 2551 1277 2604 hominum

253 2629 412 2699 speeie
437 2628 616 2683 fuisse
639 2642 843 2682 eertum
865 2642 944 2684 est
958 2648 1021 2684 ex
1041 2632 1278 2704 vopisco

253 2703 304 2757 'm
337 2706 542 2768 Probo,
577 2724 702 2779 pag.
734 2708 924 2778 ²39³·
903 2710 1276 2781 MBlemmyas

251 2784 438 2856 iuquit,
460 2788 630 2839 etiam
657 2786 896 2858 subegit,
922 2806 1158 2860 quorum
1194 2807 1282 2841 ca-

253 2864 414 2932 ptivos
437 2866 670 2919 Romam
712 2866 1040 2920 transmisit:
1061 2866 1154 2940 qui
1179 2868 1280 2918 mi-

251 2942 459 3001 rabilem
496 2945 584 2998 sui
624 2945 794 2998 visum
816 2956 1056 3017 stupente
1073 2945 1282 3018 populo

255 3038 464 3075 romano
483 3024 851 3095 probum-unt.
871 3050 894 3071 ι
911 3025 1168 3078 Fabulam
1186 3024 1280 3078 alii

257 3099 430 3155 volunt
453 3120 603 3156 esse:
627 3100 904 3175 dictosque
925 3105 1044 3157 sine
1069 3103 1244 3175 capite
1261 3142 1279 3169 ‚

255 3178 339 3247 qui
361 3180 476 3232 sine
493 3180 720 3233 cerebro
741 3199 805 3234 ac
817 3200 977 3235 sensu
995 3183 1188 3236 forent.
1209 3182 1279 3235 fl.

321 3256 404 3309 31.
437 3261 652 3323 Sam-ir.
695 3258 860 3318 Mela,
905 3261 1024 3315 loeo
1065 3262 1277 3315 citato:

260 3335 476 3399 -lnu-a,
504 3338 554 3390 si
595 3336 812 3391 credere
857 3340 1026 3406 libet,
1056 3340 1146 3393 vix
1169 3342 1282 3412 jam

255 3410 516 3477 homines,
545 3417 822 3489 magisque
855 3419 1120 3472 semiferi:
1136 3419 1284 3491 AEgi-

253 3508 448 3560 panes,
487 3506 544 3547 et
583 3494 920 3568 Blemmyes,
969 3508 1021 3549 et
1063 3498 1240 3570 Satyri
1256 3534 1275 3563 ‚

367 3570 604 3625 ulium.

257 3580 406 3703 ‘⁸⁰3²'
459 3654 640 3719 Qualis
669 3656 822 3721 vulgo
837 3656 1081 3723 pingitur.
1107 3652 1278 3709 Vultu

256 3730 492 3798 aprino,
535 3730 754 3783 hircinis
779 3732 1043 3785 cruribus.
1071 3731 1275 3785 Herod.

255 3807 586 3874 Γραφωσικαὶ
601 3810 850 3880 ‘'loquum-o
873 3810 918 3861 oi
937 3810 1180 3883 ζωγράφοι
1193 3810 1282 3863 καὶ

259 3886 300 3936 οἱ
323 3886 708 3957 ἀγαλματοποιοὶ
743 3894 826 3942 τοῦ
851 3890 1007 3949 Πανὸς
1040 3888 1279 3962 τῶγαλμα

261 3962 622 4035 αἰγοπρόσωπον
659 3965 746 4019 καὶ
779 3971 1116 4039 τραγοσκελέα.
1155 3968 1274 4021 Lib.

261 4038 312 4093 11
321 4044 628 4117 „Euterpe
665 4064 813 4101 num.
859 4049 956 4112 46,
999 4064 1116 4120 pag.
1155 4049 1272 4101 108.

1355 1368 1515 1423 Unde
1534 1368 1753 1432 ovidio,
1774 1368 1994 1422 Metam.
2012 1367 2111 1421 lib.
2132 1368 2282 1432 XIV,
2306 1389 2381 1424 vs.

1358 1450 1460 1503 515
1472 1488 1489 1515 ‚
1516 1452 1795 1517 semicaper
1808 1454 1933 1499 Pan.
1955 1448 2137 1500 Ilum.

1428 1527 1516 1581 33.
1542 1528 1945 1595 Himantopodes.
1968 1528 2052 1579 De
2090 1525 2173 1579 his
2199 1537 2383 1580 aucto·

1357 1623 1442 1658 res
1457 1606 1569 1677 jam
1596 1605 1826 1667 laudati,
1870 1595 2160 1675 Ῐμοιντόπους
2182 1605 2386 1659 Graecis

1357 1682 1555 1753 loripes
1594 1682 1816 1744 dicitur,
1846 1682 1943 1754 qui
1978 1681 2208 1752 pedem
2192 1702 2248 1736 m
2272 1703 2385 1736 mo-

1359 1759 1491 1813 dum
1518 1762 1619 1813 lori
1644 1774 1841 1814 tortum
1876 1760 2051 1814 habet.
2086 1753 2203 1833 Ῐμὰς
2228 1768 2385 1816 Ionem

1359 1850 1454 1893 est.
1498 1840 1676 1894 Hum.

1430 1920 1519 1983 34.
1548 1922 1771 1983 Pharusii
1791 1924 2046 1988 quondam
2076 1925 2251 1973 Persae.
2265 1919 2384 1974 Sal-

1359 1998 1552 2051 masius
1576 1998 1634 2051 in
1660 1998 1901 2051 Solinum
1921 2037 1938 2064 ,
1960 2016 2078 2070 pag.
2108 1998 2230 2065 415,
2256 1999 2383 2071 legit

1359 2080 1613 2145 quondam
1632 2098 1729 2144 per
1766 2098 1821 2129 se
1848 2080 2075 2140 comites,
2115 2078 2221 2130 hoc
2263 2092 2343 2131 est
2364 2116 2381 2144 ‚

1356 2168 1547 2227 sponte
1563 2174 1655 2209 sua
1671 2193 1688 2216 ,
1712 2156 2105 2228 refragantibus
2115 2156 2259 2211 MSS.
2274 2177 2385 2209 om·

1356 2233 1545 2298 nibus,
1570 2236 1700 2306 Reg.
1734 2253 1755 2287 1
1777 2273 1794 2301 ‚
1826 2255 1884 2300 a,
1919 2236 2155 2289 colbert.
2183 2256 2211 2290 2
2229 2276 2245 2299 ‚
2282 2249 2382 2291 etc.

1357 2312 1413 2364 in
1436 2314 1636 2384 quibus
1677 2320 1839 2365 Persoe
1865 2312 2059 2368 diserte
2093 2316 2382 2369 scribitur:

1354 2392 1678 2463 refragante,
1690 2392 1834 2464 quod
1850 2394 2022 2463 majus
2037 2406 2140 2455 est,
2164 2394 2387 2449 veritate

1355 2467 1470 2540 ipsa
1496 2487 1510 2521 τ
1532 2488 1657 2522 nam
1680 2469 1959 2523 Pharusios
1976 2490 2005 2523 a
2027 2472 2196 2525 Persis
2210 2472 2389 2526 oriun-

1357 2546 1456 2601 dos
1470 2587 1487 2613 ‚
1515 2562 1570 2601 et
1590 2548 1865 2602 Sallustius
1887 2568 2104 2623 quoque
2126 2550 2383 2623 prodidit,

1357 2626 1454 2679 lib.
1489 2625 1559 2680 de
1577 2628 1718 2680 bello
1743 2628 2093 2699 Jugurthino,
2127 2650 2247 2702 pag.
2275 2634 2343 2683 66
2368 2650 2382 2685 :

1360 2704 1502 2758 «Sed
1528 2718 1803 2777 postquam
1824 2706 1880 2759 in
1898 2707 2149 2780 Hispania
2165 2750 2180 2775 ,
2197 2709 2392 2782 inquit,

1359 2782 1617 2837 Hercules
1644 2784 1834 2853 (sicuti
1860 2786 1973 2837 Afri
2012 2790 2385 2857 putant)inte·

1359 2861 1481 2925 tiit,
1518 2862 1777 2916 exercitus
1816 2865 1930 2937 ejus
1964 2868 2287 2937 compositus
2322 2888 2387 2921 ex

1362 2941 1519 2994 variis
1555 2941 1804 3011 gentibus
1826 2983 1843 3008 ,
1880 2945 2075 2997 amisso
2118 2944 2281 3007 duce,
2323 2966 2389 3001 ac

1359 3020 1555 3091 passim
1582 3020 1761 3073 multis
1776 3021 1876 3074 sibi
1900 3023 2184 3095 imperium
2204 3038 2391 3097 peten-

1361 3100 1506 3151 tibus
1520 3137 1536 3161 ,
1560 3100 1713 3153 brevi
1727 3100 2001 3153 dilabitur.
2021 3103 2105 3155 Ex
2126 3122 2191 3157 eo
2208 3124 2393 3159 nume·

1359 3196 1424 3231 ro
1439 3178 1613 3240 Medi,
1635 3180 1807 3233 Persa!
1824 3191 1875 3232 et
1888 3182 2150 3249 Armenii,
2166 3186 2393 3239 navibus

1361 3257 1416 3311 in
1464 3258 1701 3312 Africam
1747 3263 2032 3315 transvecti
2054 3301 2069 3325 ,
2117 3265 2391 3335 proximos

1361 3349 1547 3391 nostro
1571 3339 1707 3391 mari
1730 3340 2152 3407 (mediterraneo
2169 3344 2393 3411 scilieet)

1363 3416 1509 3469 locos
1533 3435 1894 3488 occupavere:
1918 3418 2013 3471 aed
2052 3420 2223 3475 Persae
2252 3422 2391 3475 intra

1362 3504 1625 3549 oceanum
1670 3496 1915 3569 magius·
1942 3499 2035 3551 ubi
2078 3500 2277 3554 Plinius
2314 3502 2393 3553 ni-

1363 3573 1561 3627 mirum
1598 3573 1879 3629 Pharusios
1912 3575 2083 3643 locat,
2119 3598 2255 3650 quos
2287 3578 2393 3633 boc

1361 3654 1483 3724 ipso
1503 3652 1675 3723 capite
1692 3672 1947 3707 oceanum
1968 3655 2103 3709 dixit
2121 3659 2393 3729 attingere.

1363 3731 1547 3785 Refert
1568 3731 1751 3785 eadem
1777 3750 1841 3785 ex
1866 3734 2114 3788 Sallustio
2133 3736 2395 3799 Isidorus.

1364 3811 1515 3883 Orig.
1538 3810 1635 3863 lib.
1663 3812 1767 3873 IX,
1790 3830 1909 3883 cap.
1941 3832 1990 3865 a.
2020 3814 2089 3867 H.
2118 3846 2189 3857 ——
2209 3818 2392 3870 Dalee.

1363 3893 1606 3957 Pharusi,
1629 3904 1812 3945 contra
1836 3892 2090 3963 Stephani
2112 3900 2393 3949 auctorita-

1363 3982 1469 4023 tem
1488 4006 1506 4032 ,
1533 3968 1591 4021 ni
1614 3970 1776 4023 suerit
1794 3990 1941 4025 mera
1962 3975 2393 4037 amanuensium,

1363 4049 1450 4102 vel
1468 4066 1751 4120 operarum
1768 4089 1785 4116 ,
1806 4050 1981 4122 culpa.
2005 4052 2108 4103 En.
