2950 5017
1204 436 1282 506 C.
1335 435 1666 507 PLINII
1710 435 1931 508 NAT.
1983 438 2241 509 HIST.

661 571 939 644 Bisaltae.
1007 571 1185 641 Dein
1249 569 1659 641 Macedoniae
1718 573 2044 642 terminus
2055 556 2108 601 ⁴⁰
2165 572 2381 641 amnis
2438 573 2779 667 Strymon,

663 693 850 748 ortus
911 680 982 746 in
1035 679 1287 746 Haemo.
1359 675 1907 764 Memorandum,
1960 679 2027 746 in
2081 691 2335 772 septem
2404 675 2578 748 lacus
2630 703 2781 748 eum

664 783 887 864 fundi,
918 784 1303 878 priusquam
1335 780 1579 877 dirigat
1605 807 1897 852 cursum.

592 907 629 956 6
771 893 932 960 Haec
957 903 1060 958 est
1078 886 1473 957 Macedonia
1496 938 1515 972 ,
1538 903 1865 958 terrarum
1878 889 2157 984 imperio
2182 889 2396 982 potita
2420 889 2781 983 quondam:

664 997 806 1066 haec
862 996 1084 1065 Asiam
1109 1048 1129 1081 ,
1165 995 1547 1062 Armeniam
1562 1048 1583 1082 ,
1638 994 1921 1064 Iberiam
1936 1048 1958 1082 ,
2014 993 2364 1064 Albaniam
2380 1048 2403 1083 ,
2444 995 2783 1090 Cappado-

664 1103 834 1173 ciam
847 1155 866 1187 ,
883 1102 1166 1196 Syriam,
1189 1101 1549 1194 AEgyptum
1567 1150 1586 1184 ,
1608 1103 1902 1169 Taurum
1916 1154 1936 1187 ,
1955 1103 2335 1170 Caucasum
2354 1115 2785 1196 transgressa:

663 1209 809 1277 haec
841 1209 911 1277 in
940 1207 1222 1293 BactriS,
1253 1205 1472 1275 Medis
1493 1260 1513 1293 ,
1540 1208 1753 1275 Persis
1776 1206 2146 1293 dominata,
2170 1219 2317 1275 toto
2346 1209 2619 1276 Oriente
2646 1232 2783 1303 pos-

668 1339 846 1384 sesso
890 1339 907 1382 :
950 1312 1096 1382 hoec
1135 1311 1334 1381 etiam
1372 1311 1583 1382 Indiae
1613 1312 1896 1399 victrix,
1934 1337 2058 1407 per
2089 1313 2369 1406 vestigia
2412 1313 2639 1382 Liberi
2672 1316 2787 1383 Pa·

667 1421 788 1489 tris
826 1433 1024 1514 atque
1066 1416 1368 1487 Herculis
1411 1433 1713 1514 vagata.
1759 1417 1903 1488 haec
1944 1417 2173 1486 eadem
2217 1432 2321 1487 est
2362 1419 2746 1489 Macedonia
2770 1471 2789 1504 ,

669 1525 858 1620 cujus
887 1549 1022 1594 uno
1059 1509 1222 1594 die⁴¹
1261 1521 1506 1593 Paulus
1542 1521 1841 1593 AEmilius
1870 1526 2099 1620 Impe1
2101 1537 2250 1593 ator
2282 1539 2511 1594 noster
2544 1541 2788 1620 septua-

671 1633 854 1726 ginta
885 1630 1050 1700 duas
1096 1629 1296 1698 urbes
1332 1628 1626 1724 direptas
1662 1629 1981 1700 vendidit.
2030 1632 2329 1754 Tantam
2366 1630 2789 1702 differentiam

671 1739 866 1807 sortis
888 1736 1251 1831 praestitere
1275 1733 1410 1803 duo
1439 1721 1832 1805 homines⁴’.

606 1875 632 1910 ι
777 1844 1036 1913 XVIII.
1084 1829 1226 1958 (xl,
1241 1829 1271 1932 )
1305 1841 1595 1910 Thracia
1624 1841 1955 1935 sequitur,
1998 1841 2172 1909 inter
2204 1839 2647 1913 validissimas
2680 1844 2793 1912 Eu-

674 1974 854 2043 ropae
897 1960 1162 2043 genteS,
1201 1947 1272 2014 in
1313 1945 1689 2065 strategias
1724 1947 2203 2042 quinquaginta
2236 1947 2473 2018 divisa.
2516 1947 2785 2044 Populo·

675 2079 822 2126 rum
852 2054 1026 2148 ejus,
1063 2075 1230 2145 quos
1251 2053 1597 2121 nominare
1632 2077 1771 2121 non
1806 2053 2057 2147 pigeat,
2082 2077 2347 2123 amnem
2389 2056 2791 2189 Strymonem

677 2159 987 2231 accolunt
1029 2157 1264 2227 dextro
1299 2156 1543 2234 latere'
1584 2157 1956 2228 Denseletae
1983 2172 2051 2226 et
2078 2145 2329 2227 Medi³
2316 2160 2464 2246 ,ad
2501 2146 2791 2232 Bisaltas⁴

676 2290 887 2360 usque
925 2287 1129 2358 supra
1170 2262 1425 2335 dictos·
1465 2261 1677 2353 laevo,
1718 2247 2012 2360 Digeri⁵‚
2046 2253 2574 2362 Bessorumque⁶
2608 2265 2793 2337 multa

661 435 805 536 276

674 2545 863 2587 nostro
890 2529 1172 2586 parisiensi
1193 2547 1450 2585 nummus
1469 2550 1534 2585 ex
1557 2551 1660 2586 aere
1687 2549 1703 2585 :

678 2615 866 2665 GEOC.
923 2614 1173 2662 RAICAP.
1235 2613 1576 2662 CEBACTOC.
1638 2609 1705 2662 In

677 2709 860 2746 aversa
886 2701 1035 2762 parte
1059 2691 1275 2761 Europa
1301 2701 1456 2743 tauro
1483 2689 1677 2743 insidet
1690 2729 1707 2757 ‚

679 2784 742 2823 ut
765 2771 928 2840 vulgo
959 2768 1214 2834 creditur,
1233 2787 1356 2822 cum
1379 2769 1672 2840 epigraphe
1686 2810 1703 2833 ‚

681 2854 1086 2904 ΔΜΦΙΠΟΔΙΤ.
1107 2844 1288 2901 llum.
1301 2880 1382 2891 —
1398 2849 1707 2920 Dalecsmp.

683 2929 990 3000 Amphipolis
1010 2927 1162 2980 libera
1189 2945 1328 2996 gens,
1347 2927 1572 2980 Bisaltoe.
1599 2929 1707 2982 En.

767 3014 858 3072 40.
941 3007 1246 3060 Macedonio
1321 3010 1564 3062 terminus.
1626 3009 1711 3061 Ita

685 3087 893 3158 Scylax,
919 3103 1040 3158 pag.
1070 3091 1140 3140 26
1157 3123 1174 3150 ,
1196 3097 1250 3139 et
1268 3085 1561 3140 Martianus
1576 3124 1593 3153 ,
1612 3087 1709 3142 lib.

686 3167 772 3219 vl
789 3201 808 3229 ‚
840 3185 954 3237 cap.
982 3164 1051 3218 de
1078 3163 1413 3227 Macedonia,
1433 3185 1555 3238 pag.
1578 3184 1605 3219 2
1620 3186 1643 3220 1
1660 3183 1709 3220 ι.

687 3247 918 3319 Στρυμὼν
940 3282 956 3311 ,
991 3247 1261 3315 Στρυμόνος
1306 3263 1491 3315 grace.
1537 3244 1715 3318 Hodie

687 3323 1054 3390 Strouma‚sive
1071 3323 1337 3376 Korn-sou.
1363 3319 1430 3372 Η.
1455 3335 1511 3375 et
1544 3322 1651 3376 En.

774 3407 866 3469 ξι.
909 3404 1109 3457 Paulus.
1140 3403 1361 3456 Devicto
1383 3402 1581 3456 Perseo
1599 3403 1713 3457 Ma-

689 3483 927 3538 oedoniae
965 3501 1109 3554 rege.
1147 3481 1290 3536 Vide
1327 3481 1571 3548 Livium,
1613 3483 1710 3537 lib.

687 3563 871 3616 xle
911 3563 1010 3616 sub
1051 3561 1212 3616 finem
1226 3598 1243 3627 ,
1288 3573 1344 3615 et
1380 3561 1536 3616 initio
1586 3561 1711 3615 libri

690 3643 861 3696 XLV.
886 3644 935 3694 A
961 3642 1125 3695 Paulo
1167 3641 1385 3693 AEmilio
1423 3639 1520 3694 has
1552 3641 1715 3694 urbes

689 3739 799 3775 una
839 3722 974 3775 hora
1013 3719 1248 3791 direptas
1277 3720 1352 3774 ait
1399 3720 1717 3774 Plutarchus

691 3801 748 3853 iu
775 3801 888 3871 ejus
905 3801 1036 3862 vita,
1062 3819 1184 3872 pag.
1205 3819 1312 3871 ²7²
1332 3839 1349 3866 ,
1367 3802 1414 3852 iv
1441 3799 1544 3871 ὥρᾳ
1562 3803 1712 3872 μιᾷ...

691 3875 1040 3951 &dopmno-ew.
1063 3882 1227 3941 πόλεις
1255 3883 1568 3950 πορθηθῆναι.
1602 3876 1667 3929 Η.

776 3967 870 4023 62.
896 3960 1014 4012 Duo
1051 3960 1275 4011 homines.
1316 3958 1618 4013 Alexander
1634 3959 1711 4012 Μ.

691 4051 744 4091 et
771 4039 963 4092 Paulus
985 4037 1245 4094 AEmilius.
1272 4034 1452 4089 Ηιιι).

1872 2532 2083 2587 XVIII.
2114 2549 2159 2586 1.
2190 2535 2253 2586 In
2283 2541 2566 2608 sonegias.
2603 2543 2794 2610 Στρατι-

1792 2612 1931 2683 γίας,
1958 2612 2316 2682 profecturas.
2346 2615 2535 2669 Hau).

1879 2710 1933 2745 ιι.
1956 2691 2147 2744 Dextro
2172 2693 2340 2747 laun.
2366 2695 2716 2750 Mer-idionsli.
2732 2695 2790 2749 Π.

1792 2801 1877 2814 —-
1896 2770 2018 2840 Sive
2040 2772 2217 2842 potius
2232 2773 2571 2830 occidentali.
2596 2778 2697 2830 En.

1877 2850 1933 2903 3.
1952 2850 2221 2903 Denseletoe
2233 2889 2249 2918 ,
2262 2865 2313 2904 ee
2332 2855 2493 2910 Medi.
2516 2859 2596 2910 De
2614 2856 2793 2927 kinegi-

1795 2946 1915 2982 mus
1934 2947 2050 3000 cap.
2098 2952 2143 2983 1.
2184 2931 2421 2986 Plinium
2454 2935 2548 2990 hic
2580 2935 2645 2990 de
2670 2952 2795 2989 more

1794 3009 2159 3062 transcribunt
2184 3010 2431 3076 Solinus,
2463 3033 2581 3086 cap.
2610 3035 2669 3078 ι,
2690 3031 2790 3086 pag-

1800 3105 1893 3157 27,
1915 3099 1969 3140 et
1994 3087 2313 3156 Martianus,
2339 3091 2439 3146 lib.
2475 3094 2589 3160 vl,
2616 3113 2721 3166 esp.
2738 3092 2793 3146 de

1799 3166 2054 3231 Thracia,
2078 3184 2202 3239 pag.
2227 3188 2291 3224 π
2308 3189 2359 3224 1.
2383 3169 2569 3224 Iino.

1884 3253 1937 3310 4.
1968 3246 2061 3300 Ad
2082 3247 2319 3302 Bisaltas.
2346 3249 2441 3303 Sic
2474 3251 2617 3324 apud
2640 3249 2792 3306 Chiffl.

1800 3327 1961 3378 Deest
1978 3325 2121 3396 apud
2148 3328 2326 3383 Dalec.
2358 3349 2465 3384 vox
2492 3333 2575 3386 ad.
2600 3333 2695 3386 En.

1884 3404 1938 3458 ⁵.
1954 3406 2147 3475 Digeri.
2168 3405 2459 3479 Stephano,
2477 3413 2677 3483 Δὶγπροι,
2688 3411 2791 3468 ὡκ

1798 3483 2037 3556 Θρᾴκιον,
2064 3503 2129 3538 ex
2148 3485 2396 3559 Polyhii,
2421 3489 2521 3544 lib.
2541 3491 2685 3544 xm.
2710 3485 2764 3538 Π-

1884 3568 1938 3616 6.
1955 3564 2313 3638 Bessommque.
2326 3571 2541 3628 Βισσικὴ
2554 3566 2794 3640 στρατηγία

1798 3643 2005 3696 Bessica
2032 3643 2275 3699 Thracia
2294 3649 2634 3718 prefectum,
2660 3661 2793 3714 supra

1802 3721 2085 3777 Maedicam
2098 3760 2114 3781 .
2142 3724 2288 3796 apud
2313 3727 2653 3782 Ptolemaiou·
2672 3763 2687 3787 ,
2714 3724 2793 3776 lib·

1800 3801 1915 3866 111,
1938 3820 2054 3873 cap.
2086 3820 2111 3855 1
2126 3821 2176 3857 1.
2204 3805 2415 3858 Horum
2438 3809 2565 3861 urbs
2576 3801 2793 3877 primaria

1800 3879 2199 3952 Philippopolis
2230 3901 2245 3935 ε
2278 3885 2409 3938 alias
2438 3887 2669 3948 coletis,
2696 3897 2793 3954 qut

1800 3977 1927 4030 gens
1968 3961 2247 4016 Bessorum
2276 3963 2405 4028 fuit,
2438 3965 2684 4020 attributa.
2707 3961 2790 4012 Ea·

1800 4036 1925 4092 dem
1952 4039 2109 4095 Bessa
2134 4041 2367 4098 fortassis
2381 4057 2581 4100 vetusta
2600 4057 2790 4097 nomeu·
