2950 5017
1060 483 1379 552 LIBER
1436 483 1564 551 VI.

2217 483 2358 556 621
2435 509 2442 516 ·

250 599 623 685 condidit³=
660 638 702 682 a
734 610 1029 682 Seleucia
1056 639 1298 709 magna
1328 637 1509 684 1>ch
1547 637 1625 683 Μ.
1660 637 2008 706 passuum.
2046 602 2124 682 a⁴
2163 621 2375 712 portis

250 746 409 790 vero
446 721 706 849 Caspiis
738 743 833 786 xx
872 743 955 788 Μ.
961 717 1278 850 ⁶Reliqua
1321 719 1680 789 Medorum
1731 719 2003 815 oppida,
2041 721 2375 810 Phazaca,

255 811 655 920 Aganzagaffi
685 809 987 944 Apamia⁶
1008 825 1381 921 Rhaphane
1416 827 1902 920 cognominata.
1935 827 2191 896 Causa⁷
2217 855 2374 924 por-

248 947 469 1000 tarum
526 933 811 1002 nominis
861 931 1131 1017 eadem,
1181 957 1327 1026 quae
1377 957 1610 1026 supra,
1657 933 2042 1026 interruptis
2094 951 2376 1029 angusto

248 1039 531 1108 transitu
552 1039 756 1132 jugiS,
778 1038 867 1106 ita
912 1051 987 1106 ut
1023 1040 1137 1106 vix
1176 1037 1433 1132 singula
1460 1051 1686 1107 meent
1716 1037 2010 1132 plaustra
2033 1085 2054 1118 ‚
2087 1037 2378 1137 longitu-

246 1144 399 1212 dine
436 1167 575 1214 vm
615 1141 772 1212 mill.
817 1163 1166 1238 passuum,
1206 1159 1349 1213 toto
1394 1167 1596 1239 opere
1637 1167 1841 1213 manu
1877 1143 2078 1214 facto.
2124 1149 2382 1216 Dextra

247 1248 543 1378 laevaque
564 1249 881 1319 ambustis
908 1251 1149 1320 similes
1167 1250 1553 1344 impendent
1575 1252 1864 1344 scopuli,
1887 1251 2144 1320 sitiente
2163 1267 2380 1322 tractu

247 1343 663 1449 per⁸xxv111
706 1353 862 1424 mill.
905 1379 1237 1450 passuum.
1289 1357 1642 1450 Angustias
1684 1355 1960 1451 impedit
2011 1359 2382 1429 coirivatus

248 1459 397 1530 salis
420 1486 461 1530 e
486 1460 790 1530 cautibus
819 1459 1076 1555 liquor,
1104 1475 1305 1556 atque
1322 1461 1554 1531 eadem
1578 1462 1870 1531 emissus.
1898 1463 2222 1534 Praeterea
2240 1489 2380 1534 ser·

246 1567 547 1662 pentium
588 1566 969 1656 multitude,
1000 1568 1123 1636 nisi
1155 1568 1407 1648 hieme,
1440 1569 1788 1637 transitum
1819 1591 1956 1636 non
1995 1570 2168 1638 sinit.

250 1781 427 1821 tanam
460 1767 623 1822 fuisse
662 1786 693 1820 a
728 1768 949 1822 Seleuco
986 1767 1271 1841 Epiphane

250 1847 502 1909 fortassis,
528 1847 777 1900 Antiochi
804 1847 985 1919 Magni
1010 1848 1144 1904 filio.
1171 1851 1245 1904 Η.

330 1927 387 1981 3.
418 1926 669 1980 Condidit.
695 1927 878 1992 Quum
918 1928 1100 1999 aliquo
1126 1929 1271 1983 bello

250 2004 488 2059 dirutum
504 2005 635 2060 iliud
646 2005 903 2078 oppidum
914 2007 1113 2074 fnisset,
1123 2007 1271 2078 quod

248 2097 401 2138 antea
430 2083 747 2138 condiderat
779 2105 845 2138 eo
870 2086 1087 2139 nomine
1108 2087 1270 2140 Deio-

248 2183 335 2218 ces
358 2165 569 2236 primus
584 2183 685 2218 rex
700 2163 1005 2231 Medorum,
1028 2165 1273 2237 Astyagis

248 2262 511 2316 proavus,
539 2256 671 2298 teste
692 2243 988 2311 Herodoto,
1014 2245 1153 2310 Clio,
1171 2246 1269 2300 lib.

250 2325 310 2388 1,
338 2342 493 2378 num.
519 2325 616 2394 98,
638 2341 757 2396 pag.
788 2324 884 2389 43,
911 2337 965 2378 et
990 2325 1185 2378 Euseb.
1212 2325 1271 2378 in

248 2402 452 2458 chron.
468 2421 525 2474 p.
550 2421 573 2456 r
590 2421 655 2472 ¹9
675 2439 693 2466 ,
736 2401 803 2456 ad
825 2403 1043 2474 Olymp.
1061 2403 1268 2458 XVIII.

248 2483 399 2549 Quin
419 2483 465 2535 si
490 2480 730 2536 Diodoro
749 2481 902 2550 fides,
924 2483 1019 2554 qni
1041 2484 1271 2538 Ctesiam

250 2563 399 2632 sequi
419 2579 475 2614 se
488 2561 791 2632 profitetur,
808 2564 917 2634 jam
936 2561 1063 2616 inde
1082 2563 1147 2615 ab
1158 2583 1271 2618 sevo

250 2640 615 2694 Semiramidis
630 2642 901 2696 exstabant
910 2643 1189 2696 Ecbatana.
1201 2642 1271 2697 Η.

334 2727 387 2784 4.
416 2721 472 2773 A
497 2723 653 2792 portis
672 2739 792 2774 vero
824 2723 1031 2792 Caspiis.
1065 2721 1155 2776 Sic
1175 2741 1271 2774 vo-

248 2812 441 2853 cantur
476 2801 776 2873 interrupta
800 2813 1022 2873 angusto
1047 2802 1273 2855 transitu

242 2881 373 2950 juga
398 2879 577 2951 Caspii
600 2879 793 2958 monu's
808 2881 865 2934 in
891 2881 1127 2934 confinio
1144 2881 1273 2934 Par-

248 2959 377 3012 thi-
388 2959 687 3030 Medioeque
700 2977 771 3012 xx
788 2979 855 3014 ιι.
875 2960 979 3014 boc
993 2972 1089 3024 est,
1113 2960 1273 3014 vicies

250 3039 487 3092 centenis
522 3038 761 3093 millibus
794 3057 1065 3112 passuum.
1102 3039 1171 3092 Η.
1192 3072 1275 3082 -

250 3117 461 3172 Broter.
507 3117 651 3172 hunc
692 3137 928 3172 errorem
982 3117 1275 3172 absurdum

248 3209 432 3263 notat,
455 3209 509 3250 et
536 3198 794 3269 proponit
812 3215 962 3252 occu
986 3216 1121 3270 pass.
1137 3197 1247 3252 En.

336 3275 389 3330 5.
441 3277 703 3341 Phaeaca,
759 3280 1066 3348 Aganzaga.
1123 3277 1277 3330 Libri

250 3355 510 3410 hactenus
566 3355 699 3410 editi
739 3356 966 3422 habent,
1018 3356 1270 3421 Phausia,

251 3436 537 3504 Agamm.
554 3436 913 3490 Tolerabilius
925 3455 1053 3489 vero
1065 3437 1246 3490 fuisset
1256 3475 1273 3501 ,

250 3514 297 3566 si
325 3512 553 3568 Phormio
578 3513 893 3570 edidissent:
918 3515 1065 3588 quod
1084 3515 1275 3588 oppidi

251 3611 365 3646 esse
384 3594 561 3665 potuit
586 3594 727 3648 illius
739 3613 957 3663 nomen,
982 3595 1127 3650 unde
1146 3605 1277 3650 Φαυ-

248 3673 357 3730 νίτη
397 3673 549 3744 regio
596 3692 751 3727 suum
804 3676 1047 3738 traxerit,
1113 3694 1274 3747 quam

250 3751 427 3806 Medis
450 3765 685 3824 ereptam
704 3789 719 3812 ,
757 3765 811 3807 et
845 3753 1147 3824 adjunctam
1173 3756 1275 3808 Ar-

252 3833 445 3884 menie
474 3833 541 3885 ab
573 3833 791 3886 Artaxia
815 3853 939 3906 rege
954 3872 971 3901 ,
990 3847 1179 3888 auctor
1197 3847 1277 3889 est

250 3910 462 3974 Strabo,
494 3911 590 3964 lib.
616 3911 731 3978 11,
768 3931 825 3984 p.
858 3913 993 3968 528.
1015 3911 1122 3967 Sed
1144 3932 1275 3968 con-

244 3991 463 4057 jeeturae
475 3990 749 4044 locusesse
766 4010 879 4046 non
900 3990 1087 4058 debet,
1102 3995 1200 4047 ubi
1221 4011 1277 4046 se

250 4069 444 4123 veritas
468 4071 585 4142 ipsa
610 4071 874 4141 patefacit.
902 4072 969 4125 In
990 4074 1121 4144 Reg.
1156 4091 1207 4140 ι,
1226 4092 1279 4140 s,

1358 1769 1517 1824 colb.
1552 1787 1607 1836 1,
1639 1789 1692 1831 ο,
1723 1781 1822 1822 etc.
1853 1769 2046 1840 legitur
2072 1770 2377 1825 Pleiscanza-

1352 1870 1445 1920 ga,
1476 1849 1638 1902 unico
1655 1887 1672 1915 ,
1695 1860 1757 1902 nt
1777 1849 2056 1920 perspicua
2085 1869 2170 1902 res
2193 1862 2380 1916 est,ex

1356 1928 1568 1982 duobus
1589 1927 1820 1982 conflato
1837 1929 2119 1982 vocabulo.
2137 1929 2381 1986 Laudan-

1356 2021 1446 2062 tur
1475 2027 1505 2062 a
1533 2008 1857 2066 Ptolemoeo.
1898 2007 1992 2061 lib.
2017 2009 2129 2074 vl,
2158 2028 2216 2062 ca
2315 2033 2379 2076 2,

1351 2086 1638 2140 homediae
1653 2087 1891 2141 civitates
1897 2089 2130 2152 ,Φαζοὶκα
2144 2103 2198 2142 et
2253 2110 2376 2162 γαν·

1354 2167 1481 2230 tau&
1505 2167 1593 2220 vel
1615 2159 1970 2300 Ᾰγανζαῖαὑα.
1997 2169 2179 2222 Hsnn.

1439 2250 1492 2300 6.
1522 2249 1757 2318 Apamia.
1851 2265 2048 2318 παμιια
2091 2247 2338 2302 Straboni
2357 2289 2374 2311 ,

1355 2326 1449 2380 lib.
1476 2319 1576 2390 xl,
1593 2345 1716 2398 pag.
1739 2327 1869 2389 324,
1890 2344 1994 2378 una
2014 2345 2044 2378 e
2059 2327 2380 2382 Graecanicis

1354 2405 1610 2470 urbibus,
1631 2405 1838 2478 quasin
1862 2404 2039 2460 Media
2059 2406 2380 2462 Macedones

1355 2483 1730 2540 condiderunt.
1761 2485 1946 2538 Hann.

1439 2583 1492 2635 7.
1521 2564 1684 2618 Causa
1696 2576 1947 2635 portarum
1973 2568 2174 2618 nomim's
2194 2567 2378 2620 eadem.
2457 2623 2464 2632 ,

1354 2644 1621 2698 Describit
1647 2645 1760 2698 haec
1781 2644 2024 2711 Solinus,
2048 2663 2166 2717 cap.
2199 2664 2380 2716 nnn,

1356 2742 1413 2794 p.
1445 2723 1538 2791 75.
1573 2723 1758 2778 Haut).

1438 2803 1490 2855 8.
1543 2803 1647 2855 Per
1688 2803 1963 2856 XXVIII.
2008 2803 2176 2857 solini
2223 2821 2380 2874 para-

1356 2882 1566 2953 phrasis
1607 2901 1622 2936 :
1657 2883 1768 2936 -In
1810 2881 1896 2936 his
1927 2884 2182 2953 angustiis
2217 2883 2379 2936 etiam

1357 2959 1496 3014 illud
1533 2979 1807 3034 asperum,
1853 2961 2001 3033 quod
2034 2963 2379 3034 precisomm

1359 3041 1583 3094 laterum
1611 3059 1732 3096 saxa
1753 3081 1772 3106 ,
1791 3040 2124 3112 liquentibus
2153 3041 2294 3096 inter
2323 3059 2380 3094 se

1359 3121 1482 3174 salis
1504 3121 1676 3180 venis,
1709 3117 1983 3174 exundant
2003 3120 2284 3174 humorem
2305 3121 2381 3172 af-

1360 3199 1792 3266 fluentissimum3
1837 3198 1932 3271 qui
1977 3201 2290 3254 constrictus
2324 3199 2382 3251 vi

1360 3279 1577 3343 caloris,
1609 3279 1758 3333 velut
1796 3278 1854 3332 in
1896 3281 2126 3333 oestivam
2157 3279 2379 3350 glaciem

1360 3369 1713 3431 corporatur:
1759 3358 1830 3411 ita
1860 3357 2008 3411 labes
2034 3359 2179 3412 invia
2208 3375 2381 3412 acces·

1360 3457 1480 3492 sum
1509 3449 1680 3508 negat.
1711 3437 1965 3492 preterea
1987 3451 2110 3490 octo
2135 3451 2188 3491 et
2217 3456 2284 3490 xx
2315 3455 2379 3490 Μ.

1360 3535 1611 3588 passuum
1650 3528 1848 3571 tractus
1899 3517 2074 3570 omnis
2094 3555 2110 3582 ,
2161 3535 2382 3588 quoquo

1360 3595 1488 3650 inde
1538 3597 1811 3667 pergitur,
1865 3597 2025 3649 nullis
2070 3597 2244 3666 puteis
2295 3597 2384 3649 vel

1362 3675 1600 3730 fontibus
1633 3675 1749 3728 sine
1783 3676 2035 3746 proesidio
2073 3675 2225 3728 sitit:
2267 3687 2384 3728 tum

1362 3768 1630 3828 serpentes
1651 3753 1889 3826 undique
1915 3753 2150 3826 gentium
2189 3772 2384 3808 conve-

1362 3854 1465 3899 ιω,
1476 3852 1645 3887 verno
1659 3835 1834 3888 statim
1848 3832 1936 3888 die
1955 3833 2082 3886 illuc
2090 3832 2384 3888 confluunt.

1363 3917 1447 3968 Ita
1477 3913 1703 3985 periculi
1734 3931 1794 3967 ac
1823 3911 2157 3967 difficultatis
2175 3931 2390 3968 concor-

1364 3993 1471 4060 dia,
1499 3992 1569 4047 ad
1594 3993 1815 4066 Caspios
1834 4033 1850 4060 ,
1873 3994 1976 4047 nisi
2005 3993 2201 4060 hieme,
2227 4011 2391 4046 acces-

1366 4093 1453 4128 sus
1485 4085 1728 4144 negatur.
1762 4100 1785 4121 ι-
1835 4073 1900 4126 In
1947 4073 2200 4128 Plinianis
2240 4071 2394 4124 libris
