2950 5017
1048 457 1366 526 Lmen
1406 431 1544 528 'v1.

2233 456 2370 552 713

232 588 455 657 Distat
478 587 955 680 quinquaginta
970 571 1021 610 ⁸⁶
1042 586 1204 657 mill.
1231 612 1565 683 passuum.
1589 590 1764 657 Mira
1791 612 1899 658 res
1929 587 2016 656 ibi
2049 587 2368 657 traditur:

230 695 643 765 Numenium
671 691 756 760 ab
782 694 1115 763 Antiocho
1140 718 1297 788 rege
1328 698 1620 765 Mesenae
1655 695 2082 790 praepositum
2099 746 2120 778 ‚
2153 693 2246 762 ibi
2275 695 2374 763 vi-

233 801 403 869 cisse
438 798 673 868 eodem
722 798 827 867 die
870 796 1077 868 classe
1098 853 1118 886 ,
1154 814 1453 895 aestuque
1497 826 1764 871 reverso
1801 803 2040 870 iterum
2079 801 2374 893 equitatu

230 919 469 974 contra
506 909 735 974 Persas
777 904 1230 990 dimicantem,
1271 921 1337 975 et
1378 908 1641 1002 gemina
1681 906 1980 1002 trophaea
2021 905 2256 974 eodem
2307 909 2378 974 in

231 1009 388 1080 loco
420 1014 457 1080 J
460 1036 569 1081 ovi
593 1035 673 1080 ac
700 1013 1019 1105 Neptuno
1048 1014 1369 1082 statuisse.

342 1103 637 1187 Insula⁸⁷
673 1118 742 1185 in
780 1116 916 1186 alto
956 1117 1217 1212 objacet
1247 1120 1522 1214 Ogyris»,
1558 1115 1737 1187 clara
1756 1117 2062 1246 „Eiythra
2099 1142 2256 1212 rege
2286 1117 2380 1186 ibi
2422 1143 2486 1178 10

232 1221 519 1317 sepulto.
564 1223 789 1292 Distat
827 1247 868 1291 a
910 1225 1291 1293 continente
1343 1247 1538 1295 cxxv
1579 1208 1806 1293 mill.⁸⁸

1852 1247 2206 1318 passuum,
2244 1225 2380 1293 cll·-

232 1331 424 1400 cuitu
460 1351 609 1399 cxn
636 1352 713 1398 u.
743 1352 1080 1424 passuum.
1112 1332 1257 1400 Nec
1285 1332 1504 1400 minus
1532 1329 1737 1398 altera
1769 1329 1986 1398 clara
1969 1355 2038 1397 m
2064 1316 2384 1399 Azanio⁸⁹

237 1475 435 1529 manin
480 1476 855 1546 promontorio
884 1474 1117 1530 diximus
1144 1495 1265 1548 cap.

245 1560 348 1609 26.
378 1557 561 1608 Hum.

321 1635 418 1689 86.
460 1631 853 1706 Quinquaginta.
897 1634 1087 1688 chiffl.
1126 1641 1268 1706 qui-n

235 1734 348 1784 que.
376 1715 481 1766 En.

324 1795 689 1864 87.1n.mla’m
713 1793 817 1844 alto
842 1793 1030 1864 objacet
1065 1794 1269 1863 Ogyris.

237 1875 323 1926 De
376 1873 563 1925 insula
606 1874 719 1944 ejus
768 1873 869 1925 situ
916 1891 979 1926 ac
1016 1875 1270 1936 nomine,

235 1953 463 2024 questio
478 1953 689 2023 gemina
709 1963 805 2004 est.
822 1953 1121 2006 Desciscere
1144 1970 1271 2005 vero

238 2052 271 2085 a
301 2032 751 2103 Geogrsphorum
774 2033 1049 2084 communi
1076 2032 1273 2102 placito

237 2113 381 2166 nihil
430 2111 684 2176 verebor,
729 2123 889 2182 atque
922 2111 1147 2164 inficias
1195 2111 1275 2162 ire

238 2192 405 2246 fuisse
430 2190 571 2242 hanc
602 2209 667 2242 eo
690 2191 825 2254 situ,
868 2209 979 2261 quo
1002 2209 1147 2243 nunc
1179 2190 1279 2242 Or·

238 2291 353 2324 muz
376 2282 470 2322 est.
503 2268 687 2333 Quum
716 2271 861 2322 enim
892 2271 949 2322 in
980 2271 1277 2334 alto,extra

236 2348 675 2422 promontorium
690 2349 1017 2420 ,fretumque
1031 2387 1047 2414 ‚
1063 2348 1121 2401 in
1140 2348 1277 2401 mari

240 2431 439 2484 Rubro
466 2430 641 2500 jacere
663 2427 860 2499 Ogyris
890 2427 1137 2482 dicatur:
1166 2446 1276 2482 non

238 2529 276 2563 a
314 2508 492 2561 Plinio
524 2505 688 2560 modo
713 2549 729 2572 ,
784 2507 877 2560 sed
917 2521 971 2561 et
1004 2527 1037 2560 a
1072 2508 1279 2560 caeteris

239 2587 598 2659 scriptoribus
622 2605 745 2640 mox
788 2586 1066 2640 laudandis
1086 2605 1103 2640 ι
1130 2605 1277 2640 com-

238 2667 713 2741 pertissimumque
730 2667 797 2719 sit
811 2666 1121 2720 Ormuziam
1140 2667 1280 2720 intra

241 2749 389 2819 ipsas
432 2746 578 2799 sinus
616 2744 883 2816 angustias
915 2747 1143 2818 positam
1170 2763 1279 2798 esse

242 2827 460 2880 testium
480 2829 741 2878 αὐτοπτῶν
765 2825 935 2878 relatu
950 2864 967 2891 ,
988 2837 1043 2878 et
1062 2825 1280 2878 nomine

242 2918 299 2960 et
332 2907 441 2959 situ
466 2902 703 2976 dispares
735 2922 847 2957 esse
882 2923 969 2958 eas
998 2905 1279 2975 perspicua

244 3003 335 3040 res
364 2997 461 3038 est.
508 2986 629 3037 Jam
671 2983 869 3053 Ogyris
904 3003 937 3037 a
968 2985 1281 3037 continente

244 3083 391 3119 cxxv
404 3064 539 3117 mill.
567 3081 703 3134 pass.
727 3063 837 3115 Vix
859 3064 1131 3134 quaternis
1156 3063 1279 3116 mil-

246 3145 393 3198 libus
428 3141 592 3197 distat
623 3143 890 3197 Ormuzia.
922 3143 1031 3196 lua·
1052 3142 1283 3196 circuitu

244 3242 367 3277 exn
396 3223 531 3276 min.
568 3241 702 3293 pass.
738 3223 853 3274 hoec
879 3224 968 3275 vix
998 3220 1282 3276 duodenis.

244 3305 366 3356 Nec
392 3320 551 3366 vero;
578 3320 714 3374 quos
724 3301 857 3379 ⁸aliis
876 3303 1049 3354 visum
1066 3340 1083 3367 ‚
1126 3301 1283 3354 Soco-

250 3395 363 3434 tora
380 3381 577 3452 Ogyris
593 3399 705 3434 esse
727 3393 899 3452 potest
912 3418 928 3445 ‚
940 3399 1067 3452 quae
1081 3381 1138 3434 in
1156 3382 1285 3433 Aza-

248 3462 347 3514 nio
371 3461 508 3514 mari
534 3461 733 3532 posita,
776 3461 1057 3530 proculab
1088 3480 1153 3513 eo
1178 3461 1286 3514 situ

246 3537 469 3594 dissidet
480 3577 497 3605 ‚
508 3541 687 3611 inquo
705 3539 1058 3593 describendo
1081 3540 1286 3593 Plinius

248 3619 473 3673 habitat.
518 3617 685 3684 Quod
716 3637 883 3691 porro
914 3617 984 3671 ad
1010 3631 1279 3674 vetustum

250 3697 454 3770 Ogyris
464 3717 663 3751 nomen
680 3699 895 3761 attinet,
929 3698 1139 3770 Ogyrin
1164 3700 1286 3770 qui·

246 3777 379 3832 dem
402 3790 585 3849 aperte
610 3790 953 3852 nuncupant,
972 3797 1084 3830 non
1118 3778 1285 3831 modo
1319 3816 1321 3818 ψ

250 3861 383 3928 Reg.
400 3876 462 3921 a,
474 3855 667 3923 codex,
684 3856 841 3910 sedet
858 3858 1051 3910 vetusti
1068 3859 1289 3930 scripto-

248 3953 365 3991 res:
387 3936 561 3998 Mela,
578 3937 673 3990 lib.
698 3938 781 3989 111
792 3955 937 4008 ,σιμ
964 3941 999 3992 8
1019 3955 1175 4008 ‚.pag
1194 3943 1289 3991 61.

252 3999 935 4088 8ῑοΡ1πη.Ογυρις,νῆσος
958 4019 1006 4068 ἐν
1029 4023 1093 4086 τῇ
1122 4019 1291 4088 ἐρυθρᾷ

252 4096 501 4166 θαλάσσῃ.
517 4096 840 4165 Dionysius'
826 4109 986 4162 item,
1002 4115 1137 4152 vers.
1163 4099 1295 4166 606,

1354 1478 1510 1548 cujus
1549 1495 1764 1530 carmen
1813 1477 1888 1529 sic
1929 1477 2114 1530 Festus
2149 1477 2386 1530 Avienus

1354 1557 1637 1626 expressit,
1672 1557 1731 1608 in
1754 1557 2015 1627 Descript.
2044 1557 2188 1609 orbis
2204 1596 2221 1620 ,
2247 1575 2385 1608 vers.

1358 1636 1467 1689 80⁵
1501 1653 1516 1688 ε
1557 1661 1578 1682 ι
1611 1635 1806 1707 Ogyris
1863 1635 1990 1688 inde
2035 1637 2146 1688 salo
2181 1636 2387 1705 promit

1357 1727 1540 1786 caput,
1554 1733 1736 1786 aspera
1754 1733 1917 1786 rupes
1933 1712 2266 1768 Carmanidis
2283 1733 2388 1786 qua

1358 1813 1413 1846 se
1462 1795 1637 1865 pelagi
1683 1796 1876 1864 procul
1932 1795 2139 1847 invehit
2179 1791 2385 1856 undas,

1358 1875 1517 1944 Regis
1542 1873 1808 1943 Erythraei
1840 1874 1998 1926 tellus
2025 1873 2140 1927 lame
2157 1887 2282 1927 nota
2306 1892 2390 1926 se-

1357 1955 1567 2024 pulcro.
1605 1954 1846 2006 Persicus
1884 1953 2014 2006 hinc
2040 1965 2194 2007 aestus
2215 1953 2390 2005 fauces

1359 2033 1545 2086 hiat.-
1581 2034 1652 2085 Et
1677 2033 2017 2085 Priscianus*
2002 2052 2060 2084 in
2087 2032 2386 2103 Periegesi,

1359 2131 1478 2182 pag.
1498 2113 1569 2165 38
1583 2130 1607 2165 1
1642 2152 1655 2165 .
1699 2111 1978 2166 «Ulterius
2003 2129 2190 2183 pergas
2211 2113 2252 2163 si
2270 2121 2394 2183 post

1363 2189 1680 2244 Carmanida
1725 2209 1986 2244 summam
2006 2229 2022 2256 ,
2067 2191 2261 2262 Ogyris
2301 2211 2393 2244 oc·

1363 2284 1545 2324 curret
1573 2285 1592 2323 2
1628 2271 1722 2341 qui
1739 2269 1938 2322 dicitur
1955 2289 2064 2323 esse
2086 2272 2393 2342 sepulcrum

1362 2351 1522 2420 Regis
1534 2350 1823 2420 Erythraei,
1837 2348 2056 2403 dederat
2073 2351 2394 2443 quinomina

1363 2429 1560 2483 Ponto.
1599 2429 2028 2482 »Nihilominus
2081 2431 2138 2482 in
2166 2431 2395 2501 Reg.1,

1366 2510 1614 2567 colb-1,
1657 2528 1717 2574 2,
1761 2521 1814 2560 et
1839 2509 2007 2562 Paris.
2052 2511 2237 2578 Ogem's
2265 2511 2397 2581 legi-

1366 2599 1484 2653 tur,
1525 2576 1732 2659 ἡγινὶς,
1779 2586 1927 2659 quod
1953 2587 2174 2660 quidem
2205 2589 2398 2642 tolera-

1363 2668 1473 2720 bile
1505 2682 1610 2731 est,
1643 2667 1686 2720 si
1713 2669 1862 2739 qussi
1889 2656 2151 2728 ξ’ὶκιανῖτις
2179 2667 2396 2722 dicitur.

1366 2737 1469 2814 ὀάρ
1476 2767 1610 2799 antra
1637 2745 1838 2800 dicitur
1849 2748 2110 2799 Arriano*
2095 2767 2154 2800 in
2167 2746 2398 2814 Indicis,

1366 2845 1486 2898 pag.
1521 2827 1652 2895 579.
1678 2826 1837 2880 Forte
1858 2827 2088 2896 Δοροὶκτσι
2118 2827 2396 2890 Straboni,

1366 2906 1459 2958 lib.
1476 2907 1613 2958 XVI
1630 2943 1647 2970 ‚
1668 2924 1791 2977 pag.
1813 2910 1947 2976 767.
1975 2906 2262 2960 Maximam
2283 2926 2401 2959 eam

1368 3003 1480 3038 esse
1515 2985 1744 3039 insulam
1789 2987 2056 3048 arbitror,
2099 3005 2218 3057 quse
2248 2985 2399 3038 lateri

1366 3065 1578 3117 Arabiae
1600 3065 1810 3118 australi
1836 3066 2073 3135 objacet,
2098 3062 2264 3118 hodie
2281 3067 2402 3117 Ma-

1367 3147 1494 3196 zim.
1525 3145 1706 3197 Hann.
1741 3177 1820 3186 —
1845 3142 2017 3198 Nobis
2049 3142 2266 3215 quidem
2313 3146 2402 3198 bic

1370 3223 1534 3276 Plinii
1567 3241 1748 3277 errore
1775 3225 2025 3277 translata
2051 3224 2212 3276 fuisse
2251 3223 2404 3277 vide-

1372 3315 1461 3356 tur
1485 3303 1680 3373 Ogyris
1721 3303 1894 3356 insula
1911 3340 1929 3368 ,
1955 3303 2000 3356 si
2021 3315 2198 3356 tamen
2230 3304 2405 3373 legen·

1371 3381 1502 3435 dum
1533 3383 1600 3435 sit
1625 3401 1824 3434 nomen
1845 3383 2042 3454 Ogyris
2063 3401 2080 3446 ;
2109 3401 2236 3434 nam
2249 3382 2404 3436 illum

1370 3461 1553 3532 potius
1577 3461 1878 3514 meminisse
1905 3462 2134 3514 voluisse
2155 3473 2406 3532 putamus

1372 3541 1562 3594 insula
1585 3541 1737 3593 istius
1765 3559 1884 3612 quo
1913 3559 2066 3594 nnnc
2080 3542 2269 3611 grande
2287 3541 2406 3594 Μα-

1368 3624 1496 3672 ceim
1540 3619 1766 3683 dicitur,
1808 3633 1866 3673 ut
1899 3618 2120 3691 quidem
2151 3621 2407 3691 opinatur

1378 3699 1710 3754 Harduinus.
1738 3699 1844 3752 En.

1459 3782 1553 3834 88.
1593 3779 1820 3832 CXXV
1851 3779 1970 3832 mill.
2017 3791 2120 3832 etc.
2163 3779 2406 3832 Chifflet.

1375 3857 1496 3912 cod.
1516 3858 1610 3912 dat
1644 3877 1782 3912 «cxx
1821 3858 1957 3912 mill.
1990 3877 2130 3930 pass.
2178 3859 2406 3914 circuitu

1379 3956 1495 3992 oxu
1538 3958 1594 3992 ι).
1627 3963 1648 3984 ο
1687 3938 1794 3990 En.

1458 4017 1551 4088 89.
1575 4019 1772 4070 Azanio
1800 4021 1941 4071 marI.
1965 4019 2043 4071 De
2059 4035 2170 4088 quo
2185 4035 2302 4088 cap.
2336 4021 2406 4071 28

1380 4109 1433 4150 et
1466 4099 1559 4162 34.
1586 4097 1765 4151 Ham).
