2950 5017
681 459 1222 529 2PARADISI
1289 461 1972 533 TERREs‘rms.
2268 493 2397 568 771

267 580 624 654 intelligeret3
651 597 810 652 quem
822 582 972 652 fluvii
1007 581 1227 634 nomine
1251 589 1362 635 κατ’
1395 582 1561 650 ἐξοχὴν
1588 599 1727 654 supe
1748 581 2008 656 designat.
2044 587 2231 661 Neque
2265 594 2409 648 enim

263 671 574 742 insigniores
590 669 756 740 paulo
773 666 968 722 fluvios
983 670 1154 723 amnis
1169 668 1519 742 appellatione
1536 669 1781 738 denotat,
1800 674 1983 744 quales
2000 687 2123 728 suut
2138 676 2383 736 Iordanis
2396 722 2411 747 ,

263 758 562 829 Euphrates
581 797 598 822 ,
626 755 809 818 Nilus,
837 755 1046 828 Tigris,
1081 756 1175 810 sed
1211 759 1446 811 minores
1480 753 1761 812 dumtaxat
1794 771 1937 824 tren
1973 761 2228 817 nimirum
2248 767 2409 824 istum

265 847 508 917 ἀνώνυμον
533 845 780 898 hocloco
815 843 956 898 Gen.
991 863 1115 898 xxx1
1133 882 1149 909 ,
1179 863 1242 898 at
1268 883 1284 910 ,
1313 844 1515 898 deinde
1546 863 1617 899 ne
1652 863 1863 901 amnem
1907 849 2129 921 quidem
2150 893 2167 920 ,
2195 853 2289 909 sed
2321 859 2409 911 vel

258 933 476 988 alveum
500 933 610 987 Nili
636 949 802 985 unum
830 933 916 985 vel
945 933 1117 986 amnis
1145 931 1377 1007 effigiem
1395 969 1412 998 ,
1453 951 1574 1005 quai
1604 934 1893 989 dormienti
1926 937 2131 1010 objecta
2157 953 2235 996 est
2268 943 2407 1000 Pha-

259 1023 450 1082 raoni,
501 1022 638 1075 Gen.
679 1039 803 1085 su,
844 1020 905 1084 3,
950 1021 1048 1085 18,
1076 1032 1132 1075 et
1163 1035 1440 1094 postremo
1483 1021 1647 1074 alium
1691 1023 1852 1095 plane
1884 1025 2179 1082 obscurum
2200 1068 2216 1094 ,
2252 1031 2411 1086 Para-

259 1111 447 1185 lipom.
477 1111 536 1178 Ι,
567 1127 594 1163 1
610 1150 626 1172 ,
656 1111 741 1175 48.
1047 1165 1056 1174 ,

331 1199 633 1272 Digressum
658 1217 746 1252 me
770 1197 990 1270 quidem
1016 1197 1285 1271 paulisper
1307 1218 1337 1252 a
1359 1199 1639 1272 proposito
1658 1201 1829 1254 sentio
1842 1241 1859 1268 ,
1879 1213 1937 1255 at
1952 1221 2063 1256 non
2089 1204 2203 1259 sine
2222 1208 2408 1282 aliquo

257 1289 473 1355 fructu,
505 1288 729 1360 opinor:
763 1304 930 1359 quum
965 1287 1232 1359 patefacto
1259 1287 1393 1360 quid
1421 1287 1601 1350 fluvii,
1628 1288 1760 1362 quid
1799 1291 1968 1345 amnis
2002 1293 2222 1367 nomine
2246 1295 2407 1353 Sacra

253 1377 537 1450 Scriptura
577 1375 870 1448 intelligat,
911 1374 1030 1429 loca
1074 1393 1186 1430 non
1231 1395 1400 1448 pauca
1439 1376 1727 1431 Sacrorum
1766 1379 2055 1433 Librorum
2076 1419 2097 1446 ,
2134 1401 2255 1455 quse
2281 1399 2407 1441 sunt

253 1478 580 1539 praepostere
601 1477 816 1537 accepta
836 1465 908 1518 ab
931 1464 1319 1536 Interpretibus
1333 1503 1350 1531 ,
1379 1467 1761 1539 pertinentque
1784 1468 1859 1522 ad
1889 1469 2053 1524 situm
2084 1474 2369 1546 regionum
2390 1516 2407 1543 ,

248 1553 613 1626 oppidorum,
653 1571 718 1606 ac
759 1551 1076 1612 fluminum,
1109 1571 1256 1606 nunc
1291 1552 1509 1606 tandem
1544 1553 1769 1608 feliciter
1790 1593 1808 1618 ,
1842 1555 1911 1610 ita
1938 1575 2246 1628 speramus,
2275 1563 2399 1616 illu-

248 1653 502 1710 streutur.
543 1644 702 1694 Heu-ii
740 1640 954 1694 iuterim
990 1640 1208 1695 nomine
1245 1640 1302 1694 in
1343 1640 1446 1695 hac
1492 1640 1851 1714 descriptione
1893 1644 2133 1700 Paradisi
2176 1649 2403 1723 intelligi

247 1728 545 1782 Iordanem
562 1739 772 1802 oportet
786 1766 801 1790 ,
824 1738 885 1778 ut
909 1725 1180 1780 diximus:
1206 1745 1366 1800 quem
1393 1728 1557 1781 etiam
1572 1731 1797 1800 fluminis
1820 1730 2043 1784 nomine
2065 1733 2239 1806 David
2260 1735 2400 1791 desi.

247 1828 414 1888 gnat,
443 1815 578 1870 Psal.
605 1835 740 1876 nn,
770 1817 803 1868 6
829 1835 843 1867 τ
875 1840 900 1862 ι
917 1816 981 1868 In
1012 1812 1230 1868 flumine
1256 1815 1655 1888 pertransibuut
1678 1816 1881 1888 peden·
1902 1819 1973 1872 Et
1998 1819 2145 1873 hunc
2168 1821 2401 1898 denique

247 1905 480 1959 fluvium
497 1941 516 1969 ,
540 1905 636 1977 qui
652 1902 964 1957 Paradisum
987 1900 1222 1974 irrigaret
1236 1940 1253 1967 ,
1273 1921 1383 1956 esse
1399 1901 1695 1957 ,Iordanem
1709 1942 1727 1965 ,
1750 1918 1971 1959 censent
1990 1905 2149 1960 etiam
2170 1910 2403 1966 Joanues

245 1992 493 2048 Mariana
517 1992 572 2046 in
601 2010 724 2046 eum
761 1990 1030 2044 Geneseos
1067 1991 1246 2044 locum
1266 2028 1284 2057 ,
1311 2006 1364 2043 et
1395 1990 1457 2044 P.
1506 1991 1758 2046 Nicolaus
1789 1995 2054 2048 Abx-amus
2083 1995 2141 2048 in
2174 2008 2402 2054 tractatu

115 2107 124 2123 ·
243 2081 318 2136 de
342 2079 522 2136 fluviis
547 2090 601 2133 et
623 2078 746 2132 loco
768 2077 1024 2132 Paradisi.
1051 2079 1172 2130 Non
1207 2077 1440 2150 appellat
1463 2091 1646 2131 autem
1675 2079 1853 2132 Moses
1877 2080 1946 2134 de
1972 2082 2190 2138 nomine
2204 2085 2399 2142 Jorda-

243 2189 373 2224 nem
397 2189 414 2236 3
438 2168 565 2241 quia
585 2182 716 2221 tunc
738 2183 905 2231 certe,
932 2185 1102 2239 quum
1123 2167 1268 2220 Deus
1283 2165 1537 2219 conderet
1558 2163 1872 2221 Paradisum
1891 2206 1908 2232 ,
1929 2167 1988 2222 id
2010 2189 2209 2226 nomen
2227 2175 2399 2231 amnis

104 2311 120 2323 ,
239 2259 338 2312 ille
362 2254 600 2310 nondum
624 2253 864 2308 haberet.

315 2350 383 2397 Ee
392 2348 576 2416 fluvius
597 2345 955 2413 egrediebatur.
983 2341 1269 2416 Postquam
1295 2342 1414 2394 fons
1437 2341 1711 2414 irrigasset
1735 2343 2039 2398 universam
2062 2347 2397 2418 superficiem

238 2447 398 2490 terra
433 2434 546 2487 sive
574 2431 810 2507 regionis
835 2429 1126 2506 adjacentis
1142 2468 1160 2495 ,
1187 2427 1382 2483 fluvius
1409 2430 1572 2483 etiam
1600 2431 1967 2502 egrediebatur
2000 2452 2029 2486 e
2056 2435 2207 2503 lacu,
2230 2439 2395 2494 Tibe-

195 2517 204 2524 *
236 2521 407 2578 riadis
421 2534 608 2596 postea
625 2519 925 2592 appellat0,
945 2537 1106 2593 quem
1133 2518 1286 2590 aquis
1311 2517 1420 2571 suis
1445 2519 1670 2584 fecerat3
1693 2529 1751 2570 ut
1769 2515 1926 2572 docet
1938 2520 2171 2590 Plinius,
2198 2525 2269 2591 V,
2294 2531 2359 2580 15
2378 2547 2392 2582 ε

240 2639 266 2662 ι
281 2610 533 2666 Jordanis
559 2611 730 2662 amnis
754 2608 927 2662 oritur
953 2627 983 2660 e
1009 2605 1154 2660 fonte
1181 2605 1455 2670 paneade,
1477 2608 1575 2679 qui
1606 2625 1899 2678 cognomen
1927 2607 2077 2663 dedit
2102 2610 2357 2670 Cesarea
2376 2638 2393 2672 =

234 2700 414 2756 amnis
433 2717 701 2761 amoenus,
719 2708 773 2749 et
787 2707 1051 2769 quantum
1069 2695 1311 2748 locorum
1333 2694 1464 2748 situs
1485 2693 1709 2766 patitur,
1728 2695 2065 2762 ambitiosus,
2088 2701 2392 2776 accolisque

234 2809 296 2844 se
327 2787 569 2860 prabens
586 2822 606 2850 ,
639 2785 784 2839 velut
809 2783 1007 2838 invitus
1035 2779 1372 2855 Asphaltiten
1399 2779 1579 2835 lacum
1608 2779 1788 2836 dirum
1818 2796 2007 2837 natura
2034 2787 2219 2858 petit...
2244 2789 2389 2864 Ergo

233 2877 332 2931 ubi
367 2876 540 2949 prima
575 2873 906 2928 convallium
948 2871 1048 2924 fuit
1082 2869 1326 2936 occasio,
1361 2870 1420 2922 in
1457 2869 1634 2924 lacum
1669 2889 1727 2924 se
1762 2871 1976 2938 fundit,
2004 2893 2168 2947 quem
2206 2877 2387 2949 plure-
2484 2889 2494 2901 ·

231 2961 558 3024 Genesaram
581 2977 776 3020 vocant
793 3001 808 3026 ,
833 2962 1056 3016 amoenis
1083 2962 1507 3034 circumseptum
1539 2959 1775 3033 oppidis.
1800 2986 1824 3010 ι
1852 2961 1993 3017 Inde
2020 2977 2201 3018 autem
2236 2985 2385 3040 egre-

231 3057 388 3112 diens
402 3058 577 3128 ,fluvii
594 3072 794 3108 nomen
819 3051 981 3105 habet
1006 3048 1152 3122 apud
1180 3051 1405 3104 Mosem.
1423 3051 1635 3103 Verum
1660 3062 1721 3103 ut
1742 3048 1811 3104 de
1834 3049 1984 3104 fonte
2007 3051 2257 3108 Jordanis
2270 3058 2383 3128 jam

229 3142 592 3205 ostendimus,
626 3141 702 3194 sic
736 3139 896 3193 etiam
925 3139 982 3191 in
1009 3136 1242 3212 ejusdem
1272 3137 1443 3190 amnis
1474 3155 1635 3190 cursu
1657 3135 2011 3192 describendo
2040 3154 2288 3195 errarunt
2312 3143 2384 3211 ii,

229 3233 328 3305 qui
345 3242 628 3304 antequam
645 3229 924 3301 perveniat
941 3225 1013 3282 ad
1031 3227 1214 3280 lacum
1233 3225 1561 3279 Genesaram
1573 3264 1589 3288 ,
1606 3244 1698 3280 seu
1714 3245 1858 3280 mare
1872 3225 2171 3282 Tiberiadis
2183 3270 2200 3297 ,
2220 3231 2381 3286 aliam

229 3319 455 3375 Iordani
492 3319 790 3372 convallem
821 3331 1103 3370 occurrere
1127 3315 1528 3380 confinxerunt,
1558 3314 1615 3366 in
1639 3330 1746 3386 qua
1772 3314 1951 3368 lacum
1986 3317 2176 3370 efficiat
2200 3317 2378 3373 Gene-

227 3409 452 3463 saretico
475 3409 630 3480 longe
653 3407 953 3470 minorem;
982 3421 1140 3478 quem
1160 3403 1247 3456 alii
1273 3403 1675 3475 appellaverunt
1702 3401 2060 3474 Σιμεχωνίτιὸα
2075 3405 2264 3476 λίμνην,
2287 3407 2381 3460 alii

225 3499 392 3552 etiam
420 3513 588 3569 aquas
615 3495 828 3548 ‘Meron
847 3531 864 3560 ,
891 3493 962 3547 de
989 3491 1188 3566 quibus
1217 3509 1392 3546 sermo
1431 3502 1511 3546 est
1534 3491 1726 3557 Josue,
1762 3509 1851 3556 xx,
1879 3493 1937 3555 5,
1962 3509 1995 3560 7
2015 3528 2033 3556 ,
2060 3509 2229 3564 quum
2267 3495 2377 3547 sint

225 3587 282 3640 in
308 3605 374 3639 eo
394 3587 429 3638 J
430 3601 561 3638 osne
585 3584 707 3637 loco
730 3599 882 3654 aqua
909 3581 1149 3648 Merum,
1175 3579 1354 3634 verius
1372 3595 1525 3652 aquo
1548 3589 1851 3651 stagnantes
1865 3619 1882 3646 ,
1904 3579 2113 3634 ubiubi
2140 3581 2251 3634 sint
2270 3622 2287 3650 ‚
2314 3594 2374 3636 nt

253 3693 376 3747 qun
397 3670 735 3744 Maserepoth
752 3709 770 3738 ,
796 3669 874 3723 ibi
898 3669 1097 3741 pariter
1121 3679 1422 3723 memoratae
1445 3686 1460 3721 ε
1490 3683 1667 3740 neque
1689 3685 1845 3740 aquo
1868 3668 2107 3733 Merom,
2134 3669 2241 3722 hoc
2268 3682 2373 3738 est,

224 3779 378 3836 aqum
399 3763 524 3816 altu
543 3799 561 3825 ,
589 3761 701 3813 sive
734 3757 1059 3822 altitudinis,
1097 3756 1205 3810 dici
1229 3773 1386 3830 posse
1418 3755 1701 3810 videantur
1728 3773 1911 3828 aqua,
1942 3772 2075 3827 quas
2106 3759 2282 3812 amnis
2314 3759 2369 3812 in

223 3849 466 3905 convalle
491 3847 728 3920 colligit:
757 3857 812 3900 et
835 3845 1126 3900 certissimo
1152 3843 1380 3917 denique
1407 3861 1593 3897 eorum
1618 3843 1819 3906 relatu,
1845 3841 1941 3916 qui
1964 3843 2079 3898 hnc
2106 3843 2225 3900 loca
2250 3844 2371 3898 dili-

221 3952 412 4010 genter
441 3938 736 3992 lustrarunt
749 3977 764 4003 ,
797 3933 1140 3991 didicerimus
1160 3973 1177 4000 ,
1206 3933 1416 3988 nullum
1441 3933 1661 3986 omnino
1698 3931 1753 3985 in
1783 3933 1963 3987 lacum
1994 3951 2055 3986 se
2082 3931 2371 3988 sord-nem

223 4026 510 4081 effundere
526 4063 544 4092 ,
569 4035 696 4080 ante
715 4025 892 4078 lacum
917 4019 1197 4077 Genesar·
1212 4059 1229 4087 ,
1249 4021 1362 4078 sive
1384 4019 1691 4076 Tiberiadis
1704 4059 1722 4086 ,
1745 4037 1907 4094 quem
1927 4019 2081 4092 aquis
2095 4021 2206 4077 suis
2230 4022 2373 4076 facit.

1974 4119 2111 4216 49²
