2950 5017
1156 461 1473 528 LIBER
1535 461 1667 528 vl.
2323 460 2478 558 669

342 617 477 689 que
520 591 816 687 produnt
852 591 1195 685 utriusque
1222 588 1632 686 longitudine
1659 576 1848 658 {53⁴¹
1885 614 1947 659 1..
1987 589 2332 662 latitudine
2371 594 2478 663 di·-

342 698 553 768 midio
593 700 885 778 minore,
922 719 1124 792 quam
1138 689 1188 732 ⁴²
1220 696 1441 764 Indiae.
1481 695 1608 764 Alii
1649 694 2025 783 Gedrusos,
2055 683 2181 766 et⁴³
2222 701 2478 770 Pasires

342 829 631 899 posuere
650 828 770 899 per
783 789 1317 872 chxx111⁴⁴milL
1341 826 1674 897 passuum.
1697 804 1857 871 Mox
1879 793 2478 901 Ichthyophagos⁴⁵

344 913 605 998 Oritas,
639 910 909 1005 propria
949 933 1085 976 non
1117 907 1441 977 Indorum
1481 906 1706 1002 lingua
1739 907 2084 1003 loquentes
2095 895 2183 998 ⁴⁶,
2226 935 2348 1006 per
2396 937 2480 983 cc

340 1015 505 1087 mill.
534 1039 873 1111 passuum.
906 1014 1075 1083 Inde
1104 1039 1383 1108 posuere
1416 1001 1836 1083 Arbiorum⁴⁷
1877 1029 2138 1109 gentem
2177 1003 2358 1112 pet-‘¹⁸
2395 1043 2479 1089 cc

342 1121 509 1192 mill.
572 1107 1179 1217 Ichthyophagos⁴⁹
1226 1145 1457 1190 omnes
1505 1117 1880 1190 Alexander
1921 1123 2138 1192 vetuit
2192 1125 2482 1218 piscibus

342 1281 491 1350 ριῖτις
536 1277 711 1349 χώρα,
753 1275 847 1329 lib.
890 1276 1007 1343 vl,
1049 1294 1166 1348 cap.
1204 1294 1232 1327 α
1253 1314 1268 1336 ,
1310 1275 1371 1329 in
1454 1275 1871 1348 Ichthyophagis
1914 1275 2168 1330 finitimos
2220 1279 2364 1334 facit.
2409 1281 2478 1334 H.

340 1356 540 1410 Media
565 1369 718 1428 parte
761 1355 1037 1420 orientali,
1075 1373 1195 1426 qua
1236 1355 1369 1408 Car·

340 1438 537 1490 manin
566 1435 791 1489 confinis
816 1447 909 1488 est.
928 1433 1111 1488 Banu.

426 1523 524 1582 41.
555 1505 687 1566 XIX
706 1515 770 1567 L.
806 1513 923 1567 Hoc
952 1526 1058 1572 est.
1104 1511 1283 1566 decies
1314 1526 1369 1567 et

340 1596 528 1649 novies
578 1588 797 1648 centena
817 1631 832 1660 ‚
879 1605 935 1646 et
990 1592 1368 1664 quinquagena

338 1675 511 1728 millia
558 1692 829 1746 passuum.
897 1672 1077 1726 Stadia
1120 1685 1369 1729 numerat

340 1755 455 1808 fere
480 1753 565 1806 hie
587 1753 734 1806 mille
758 1753 977 1817 Strabo,
1002 1751 1222 1816 lib.x1‚
1242 1769 1364 1823 pag.

346 1835 490 1900 516,
516 1833 621 1886 hoc
661 1845 768 1897 est,
818 1831 977 1884 vicies
1007 1844 1059 1884 et
1084 1831 1367 1902 quinquies

339 1926 561 1966 centena
575 1912 743 1964 millia
766 1929 900 1984 pass.
915 1909 1069 1962 Libri
1092 1909 1221 1964 editi
1240 1911 1366 1964 hac-

342 2005 497 2045 tenus
526 1992 681 2044 XIX
700 1991 764 2045 L.
786 1991 937 2042 musca
958 2009 1091 2059 pass.
1129 1988 1234 2044 Sed
1272 1990 1367 2043 has

339 2089 529 2135 voces,
552 2072 675 2123 mill.
694 2091 831 2141 pass.
854 2069 990 2122 nulli
1012 2069 1124 2122 fere
1144 2087 1365 2141 usquam

336 2149 493 2204 MSS.
516 2150 928 2204 habentflann.

427 2235 517 2293 42.
562 2231 725 2300 Quam
750 2229 923 2282 India.
956 2228 1124 2299 Cujus
1153 2225 1221 2281 de
1247 2228 1367 2282 lati·

340 2308 532 2363 tudine
561 2308 797 2362 diximus
815 2326 930 2379 cap.
955 2328 983 2362 2
998 2326 1047 2361 1.

424 2389 523 2450 43.
576 2391 655 2442 Et
701 2389 895 2440 Pasires
945 2407 1165 2457 posuere.
1213 2385 1367 2440 Libri

336 2468 599 2522 hactenus
637 2465 767 2520 editi
795 2507 812 2533 ‚
868 2467 984 2521 Alia·
1024 2465 1271 2520 Gedrusos
1319 2478 1370 2516 et

337 2548 517 2621 Scyros
533 2568 749 2618 posuere.
773 2549 903 2618 Reg.
936 2565 961 2600 1
984 2585 1001 2608 ,
1029 2546 1183 2600 colb.
1211 2565 1234 2599 1
1258 2585 1274 2610 ‚
1306 2565 1363 2609 a,

338 2629 421 2680 Ee
429 2627 581 2698 Syros
590 2647 810 2699 posuere.
824 2626 1105 2679 Salmasius
1120 2625 1179 2678 in
1197 2623 1364 2678 Solin.

336 2725 465 2779 pag..
524 2711 667 2778 1176
692 2743 709 2772 ,
748 2706 876 2759 Oros
926 2705 1178 2776 reponit,
1209 2704 1367 2775 plane

336 2799 528 2840 contra
578 2787 851 2858 scriptoris
913 2797 1164 2837 mentem.
1228 2783 1369 2837 Nam

336 2884 508 2938 quum
539 2863 704 2918 iidem
762 2864 861 2918 Ori
917 2876 971 2916 et
1010 2863 1178 2916 Oritae
1220 2863 1327 2916 sint
1348 2901 1365 2928 ,

338 2947 485 2999 ultro
502 2943 560 2998 id
570 2945 688 3016 ipso
700 2945 894 2998 fatente
903 2942 1159 2996 Salmasio
1170 2961 1187 2996 z
1201 2942 1369 2996 Oritae

337 3037 518 3079 autem
535 3025 633 3078 hoe
647 3037 955 3096 sequantur,
974 3041 1203 3093 quorum
1222 3040 1367 3074 nunc

336 3123 540 3158 nomen
570 3105 827 3175 quaritur
850 3143 866 3166 ,
923 3102 1063 3154 Oros
1093 3120 1184 3154 eos
1215 3119 1328 3154 esse
1344 3141 1361 3165 ,

336 3182 559 3256 probari
572 3183 719 3236 nulla
736 3183 943 3236 ratione
960 3193 1146 3252 potest.
1169 3181 1367 3233 Pasira.

335 3282 469 3317 vero
478 3281 583 3334 pro
605 3261 754 3335 Syros
768 3261 991 3315 rescribi
1010 3260 1187 3332 potius
1198 3279 1365 3340 opor·

336 3357 453 3398 tere
482 3342 811 3408 censuimus,
832 3339 1002 3394 secuti
1039 3340 1327 3392 Arrianum
1345 3378 1364 3406 ,

336 3422 435 3495 qui
458 3422 517 3476 in
542 3421 777 3485 Indicis,
805 3439 929 3492 pag.
963 3417 1077 3474 558
1118 3431 1173 3472 et
1219 3417 1363 3504 ῦς),

334 3501 477 3556 hanc
498 3501 667 3572 ipsam
682 3519 833 3554 oram
858 3497 1181 3565 describens,
1204 3509 1367 3570 atque

335 3583 409 3636 ab
438 3598 628 3635 occasu
658 3578 785 3634 solis
812 3597 1057 3640 exorsus,
1088 3576 1363 3631 contrario

336 3679 501 3732 quam
512 3659 716 3713 Plinius
735 3657 951 3724 ordine,
982 3657 1218 3728 primum
1236 3659 1366 3712 Ara·

335 3739 553 3793 biorum
575 3751 786 3810 gentem
801 3777 818 3806 ,
861 3755 989 3793 mox
1011 3736 1189 3790 Oritas
1204 3775 1221 3804 ,
1246 3749 1365 3790 tum

337 3817 643 3885 Gedrusos,
687 3818 744 3870 in
767 3815 1156 3870 mediterraneo
1183 3816 1320 3870 locat
1346 3835 1359 3869 :

337 3897 483 3952 infra
504 3896 605 3951 hos
650 3895 845 3950 deinde
882 3895 939 3949 in
977 3914 1072 3950 ora
1106 3896 1364 3967 Ichthyo-

338 3977 573 4050 phagoo,
608 3976 803 4048 hisque
851 3975 1057 4028 vicinos
1095 3979 1363 4048 Πασιρίοις.

340 4057 489 4124 Quin
512 4055 721 4110 Plinius
742 4055 855 4128 ipse
882 4072 998 4126 cap.
1026 4073 1137 4128 seq.
1162 4055 1365 4110 Pasirae

1537 1360 1630 1418 44.
1679 1355 2049 1409 CLXXXIII.
2099 1358 2219 1411 MS.
2250 1361 2380 1431 Reg.
2413 1379 2480 1426 a,

1454 1448 1508 1488 et
1536 1434 1772 1489 chifflet.
1805 1434 2183 1490 CXXXVIII.
2207 1438 2326 1492 MS.
2349 1441 2478 1511 Reg.

1462 1512 1609 1579 t,ed.
1631 1515 1806 1585 princ.
1829 1528 1885 1569 et
1903 1515 2011 1568 Elz.
2038 1514 2360 1570 CXXXIV.
2375 1519 2479 1572 En.

1537 1593 1630 1658 45.
1677 1593 2058 1665 Ichtlffoplaagos
2093 1595 2282 1650 Oritas.
2331 1598 2480 1652 Infra

1451 1671 1722 1726 Gedrosos
1749 1673 2009 1726 maritima
2038 1675 2094 1727 hi
2124 1675 2242 1728 loca
2270 1678 2479 1732 obtine-

1452 1751 1582 1806 bant
1596 1791 1613 1818 ,
1638 1764 1770 1806 teste
1791 1751 2023 1806 Arriano
2037 1754 2094 1806 iu
2109 1753 2336 1822 Indicis,
2353 1775 2474 1830 pag.

1456 1830 1591 1900 559.
1623 1820 1801 1900 ὸρῖται
1823 1835 1950 1894 ἔθνος
1971 1823 2158 1888 Ῐνδικὸν
2178 1838 2444 1907 αὐτόνομον
2461 1877 2478 1902 ,

1451 1909 1634 1964 liberae
1685 1910 2008 1965 conditionis
2056 1931 2184 1984 gens
2247 1913 2432 1969 Indica
2461 1957 2478 1982 ,

1450 1988 1740 2060 Stephano.
1762 1988 1854 2043 Ab
1876 1991 2020 2044 Oreo
2039 1992 2254 2047 Euhoeae
2273 1995 2479 2067 oppido

1454 2057 1678 2140 ὀρεῖται.
1697 2069 1767 2122 Hi
1789 2059 1970 2138 (ιρῖται
1993 2071 2060 2124 ab
2087 2055 2231 2143 ὅροις
2247 2073 2477 2145 oppido,

1452 2147 1523 2202 de
1535 2168 1645 2220 quo
1665 2149 1950 2212 Arrianus,
1965 2150 2063 2204 lib.
2085 2152 2165 2203 lv
2183 2150 2251 2205 de
2269 2153 2478 2225 Exped.

1451 2228 1605 2282 Alex.
1634 2247 1756 2300 pag.
1786 2229 1914 2292 304.
1957 2229 2066 2283 Hos
2100 2233 2168 2285 ab
2194 2231 2344 2286 Indis
2379 2231 2480 2287 dif-

1451 2308 1593 2360 ferre
1647 2308 1826 2378 lingua
1892 2321 1946 2362 et
2003 2308 2254 2364 institutis
2297 2313 2482 2367 scribit

1452 2388 1614 2441 etiam
1633 2388 1916 2452 Arrianus,
1945 2406 2066 2459 pag.
2099 2390 2230 2446 558.
2255 2391 2436 2447 Ham).
2528 2383 2542 2392 ’

1537 2473 1567 2530 4
1577 2471 1630 2519 6.
1659 2468 1952 2540 Loquentes,
1978 2488 2072 2539 per
2099 2469 2196 2524 CC
2219 2473 2340 2526 mill.
2373 2485 2477 2528 etc.

1454 2546 1637 2599 Chiffl.
1677 2547 1934 2618 loquentes.
1960 2548 2348 2622 Ichthyoplmgos
2375 2571 2478 2604 om-

1454 2645 1536 2678 nes
1570 2625 1856 2679 Alexander
1881 2632 2039 2680 vetuit
2065 2630 2277 2699 piscibus
2299 2636 2476 2685 vivere.

1452 2705 1647 2758 Deinde
1659 2725 1861 2777 posuere
1877 2704 2174 2762 Arabiorum
2192 2723 2380 2780 gentem
2386 2733 2481 2783 per

1458 2785 1558 2838 CC
1573 2805 1708 2856 pass.
1739 2787 1868 2839 ultra
1897 2786 2083 2840 deserta
2096 2828 2112 2854 ,
2137 2789 2250 2842 dein
2272 2791 2478 2844 Carma-

1454 2867 1539 2916 m'a
1559 2903 1576 2929 ,
1607 2877 1705 2918 etc.
1733 2865 1842 2919 En.

1539 2950 1632 3015 47.
1657 2943 1918 2997 Arbiorum
1944 2959 2150 3015 gentem.
2175 2931 2361 3019 λρΰιας
2379 2969 2475 3004 ,vo-

1454 3035 1538 3076 cat
1566 3023 1754 3076 Strabo
1773 3063 1789 3089 ,
1840 3024 1933 3078 lib.
1977 3026 2119 3091 XV,
2172 3045 2294 3099 pag.
2343 3048 2476 3100 7²⁰-

1451 3095 1706 3172 Ᾰραῧίτας
1738 3104 2050 3176 Stephanus.
2073 3105 2154 3159 Ab
2180 3108 2345 3160 Arabi
2365 3110 2480 3162 sive

1451 3182 1587 3235 Arbi
1610 3200 1793 3247 amne,
1818 3195 1986 3237 terras
2009 3184 2124 3239 illan
2141 3186 2478 3256 praefluente,
2505 3225 2510 3230 -

1450 3279 1648 3314 nomen
1675 3263 2008 3318 invenerunt.
2048 3266 2129 3318 De
2149 3283 2215 3318 eo
2235 3265 2478 3321 dicemus

1451 3358 1568 3413 cap.
1597 3342 1688 3395 28.
1714 3340 1896 3395 Banu.

1539 3421 1633 3485 48.
1648 3420 1752 3472 Per
1773 3419 1870 3475 CC
1882 3422 2000 3474 mill.
2015 3441 2152 3492 pass.
2175 3424 2396 3478 Brevius
2412 3426 2477 3480 iis

1452 3501 1685 3570 spatium
1732 3499 1922 3554 Strabo
1975 3502 2204 3573 assignat
2226 3540 2245 3568 ‚
2281 3522 2478 3578 nempe

1452 3578 1756 3633 stadiorum
1771 3579 1920 3632 mille
1932 3578 2228 3636 dumtaxat:
2239 3603 2356 3655 quae
2363 3603 2478 3655 pas-

1450 3676 1608 3711 suum
1632 3657 1875 3713 efficiunt
1895 3661 2058 3713 millia
2080 3679 2234 3715 cxxv.
2257 3663 2442 3718 Ham).

1452 3817 1626 3872 Oritas
1653 3816 1846 3883 modo,
1893 3817 1986 3872 sed
2011 3819 2107 3892 qui
2133 3832 2298 3875 totam
2325 3841 2476 3877 oram

1450 3899 1784 3968 occupabant
1809 3937 1826 3962 ,
1881 3910 1989 3951 tam
2038 3900 2205 3971 longo
2257 3914 2428 3956 tractu
2457 3943 2474 3969 ,

1452 3974 1908 4048 quemadmodum
1937 3976 2147 4034 dicetur
2191 3999 2308 4053 cap.
2363 4001 2472 4054 seq.

1452 4067 1518 4110 ut
1545 4075 1645 4110 xxx
1675 4054 1886 4114 dierum
1928 4059 2102 4130 spatio
2134 4063 2475 4132 praternavi·
