2950 5017
505 456 606 538 40

1041 405 2106 526 c.PL1N11NAT.HIS‘1.

504 610 656 655 rum
687 584 1132 717 665161ι6ιιιὶιιιί,
1161 588 1406 657 civium
1436 592 1897 720 Romasnorum
1926 592 2285 659 Dertusani
2297 576 2346 621 ⁵⁴
2350 590 2653 721 ,Bisgar·

505 678 774 787 gitani⁵⁵
792 695 1257 778 .Latinorum,
1293 681 1671 764 Ausetani⁵⁶
1675 682 2133 779 ‚Cerretanifff

2138 698 2313 791 ,qui
2344 684 2651 765 Juliani⁵⁸

507 801 1099 929 cognominantur,
1135 815 1204 870 et
1219 802 1352 931 §qui
1393 804 1810 931 Augustani:
1848 802 2133 872 Edetani
2142 788 2216 887 ⁵⁹,
2252 803 2652 872 Get-unden-

508 890 660 975 8685
663 904 710 990 5,
745 891 1268 977 Gessorienses⁶¹

506 1014 808 1081 riorum:
851 1000 1445 1159 Aquicald⁷enses⁶‚

1303 894 1608 977 τΤ6ειι-ί55
1613 962 1633 994 ,
1674 911 1788 1003 qui
1828 894 2220 979 ΙιιΙὶ6ιι86855

1494 1000 1866 1085 Οιι6ιι86855
1872 1067 1892 1099 ,
1934 962 2499 1085 Baeculotienses136
2504 1068 2519 1083 .

2226 910 2651 1041 ,Stipendia-

609 1105 1172 1215 Caesaraugusta‘⁵⁷
1204 1119 1519 1191 colonia
1502 1124 1844 1210 immunis,
1898 1145 2095 1191 amne
2137 1123 2333 1192 Ibero
2384 1121 2603 1191 affusa
2634 1175 2652 1203 ,

596 1330 691 1393 54.
731 1330 1016 1383 Det-tusani.
1055 1331 1164 1397 Qui
1193 1330 1394 1384 civium
1430 1332 1539 1383 Ro-

513 1428 800 1463 manorum
841 1412 962 1481 jure
1001 1410 1348 1482 potiebantur
1363 1449 1378 1477 ,
1403 1421 1466 1463 ut
1487 1422 1544 1463 et

513 1489 880 1561 Bisgargitani.
910 1488 1191 1563 Oppidum
1218 1490 1503 1543 Ptolemaeo
1522 1528 1537 1553 ,

513 1568 612 1627 lib.
629 1571 688 1621 ΙΙ
704 1606 722 1633 ,
755 1588 875 1642 cap.
913 1570 942 1623 5
962 1610 978 1637 ,
1003 1573 1238 1642 Δι’(ιτωσα.
1263 1570 1320 1622 in
1349 1570 1547 1641 Ilerga-

515 1667 688 1701 onum
709 1662 880 1719 gente.
895 1650 1098 1704 Tiberii
1121 1667 1376 1703 nummus
1398 1649 1544 1723 apud

515 1726 767 1794 Surium,
795 1729 852 1781 in
871 1730 1215 1785 Amomltin.
1245 1748 1366 1802 pag.
1395 1730 1545 1793 548:

514 1809 693 1862 Dus-r.
719 1810 1081 1864 Ennomus.
1143 1808 1310 1882 Apud
1353 1810 1547 1863 Reine·

513 1888 685 1954 sium,
730 1906 848 1961 pag.
897 1888 1041 1955 316,
1073 1902 1224 1943 vetus
1263 1889 1545 1961 inscriptio

514 1968 754 2021 Dertosoe
788 1983 1000 2041 reperta
1031 1969 1254 2023 τΟιιιιο.
1279 1970 1347 2021 D.
1383 1967 1449 2024 C.
1476 1971 1546 2024 D.

521 2047 664 2100 Ordo
689 2048 1014 2102 Decus-ionum
1045 2050 1265 2103 Colom'oe
1301 2048 1544 2105 Dertosa.

515 2126 678 2180 Nunc
693 2140 772 2181 est
797 2129 1006 2181 Tonosa
1019 2128 1089 2183 ad
1103 2130 1340 2181 Iberum.
1360 2127 1543 2182 Han.

601 2208 694 2261 55.
713 2208 1072 2279 Bisgarge'tani.
1091 2210 1160 2262 Et
1171 2208 1232 2261 hi
1246 2208 1314 2261 ab
1338 2207 1543 2279 oppido

513 2304 731 2339 rursum
761 2288 1097 2359 Ilergaonum
1123 2286 1542 2356 mediterraneo,

514 2364 662 2437 quod
690 2370 956 2439 Βισσαργὶς
996 2368 1283 2421 Ptolemaeo
1312 2367 1414 2421 loc.
1451 2369 1541 2422 cit.

515 2444 826 2500 Germanici
849 2466 1136 2513 nummus,
1173 2447 1231 2500 in
1261 2448 1541 2501 Thesauro

515 2524 664 2578 Golt.
679 2544 798 2598 pag.
822 2524 1132 2590 2422Mv1.
1149 2528 1448 2581 Bmcmms.
1469 2528 1541 2581 H.

597 2605 691 2659 56.
721 2606 980 2661 Ausetani.
1030 2610 1115 2661 Ab
1140 2609 1282 2661 Ausa
1301 2604 1509 2679 oppido
1525 2646 1541 2673 ,

513 2682 584 2737 de
615 2703 725 2758 quo
755 2704 936 2759 supra.
966 2689 1148 2742 Hmn.

597 2763 691 2835 57.
739 2766 1008 2822 Cerretani.
1056 2767 1242 2823 Gentis
1286 2768 1447 2840 hujus
1466 2767 1541 2821 ait

512 2843 714 2915 oppida
735 2844 846 2899 duo
871 2848 1031 2903 fnisse
1045 2888 1062 2915 ,
1080 2847 1224 2903 unde
1239 2865 1537 2920 cognomen

509 2923 700 2977 incola
736 2926 982 2980 tulerunt
1016 2947 1031 2985 ε
1067 2929 1310 2993 Iuliani,
1340 2930 1408 2981 ab
1435 2947 1536 2999 op·

509 3000 642 3072 pido
680 3005 824 3059 Iulis
843 3007 1048 3078 Libyca
1065 3047 1082 3075 ,
1107 3000 1272 3063 Ῐοὺλια
1292 3005 1525 3073 ΔίΕυκσι,

509 3085 662 3155 cujus
689 3084 1005 3141 Ptolemaeus
1035 3088 1300 3155 meminit,
1330 3088 1429 3141 lib.
1450 3088 1535 3153 11,

509 3180 628 3235 cap.
659 3168 713 3229 6,
742 3166 1034 3238 Augustani
1057 3170 1128 3221 ab
1150 3169 1408 3239 Augusta.
1431 3166 1503 3221 H.

591 3243 686 3298 58.
710 3246 918 3301 Iuliani.
944 3248 1057 3300 Elz.
1074 3247 1267 3301 Saliam·
1285 3242 1400 3301 En.

589 3324 682 3394 59.
705 3326 940 3380 Edetani.
967 3328 1125 3381 Prius
1147 3327 1379 3380 Sedetani
1396 3329 1538 3401 lege·

501 3401 680 3457 batur.
717 3407 882 3478 Atqui
908 3404 1197 3461 Sedetanos
1235 3408 1326 3461 hie
1353 3409 1540 3463 locum

500 3476 700 3537 habere
725 3486 1020 3540 litterarum
1055 3489 1215 3542 series
1255 3506 1366 3541 non
1391 3490 1529 3559 pati—

497 3572 611 3628 tur,
642 3582 804 3636 quam
841 3565 900 3619 in
941 3568 1157 3641 populis
1195 3567 1532 3622 recensendis

497 3638 706 3697 Plinius
738 3646 1007 3717 sequitur:
1040 3649 1319 3717 Ausetani,
1354 3648 1527 3701 Cerre-

499 3724 634 3785 tani,
661 3723 898 3789 Edetam',
925 3725 1279 3791 Genmdenses,
1303 3740 1403 3781 etc.
1440 3729 1526 3782 Ab

493 3788 674 3857 &nra
701 3803 906 3876 oppido
933 3824 1131 3860 nomen
1160 3807 1220 3860 hi
1245 3808 1420 3861 sortiti
1447 3810 1529 3861 vi-

493 3877 708 3948 dentur,
724 3882 872 3955 quod
893 3885 986 3937 ubi
1006 3885 1228 3939 demum
1249 3886 1308 3940 id
1326 3887 1523 3951 fuerit,

1626 1330 1855 1385 detsnioe
1896 1330 2150 1402 regionis,
2195 1331 2289 1383 ubi
2330 1330 2621 1401 Saguntum
2638 1368 2653 1391 ,

1628 1410 1876 1465 Valentia
1892 1423 1947 1463 et
1962 1410 2357 1481 Caesaraugusta
2372 1410 2541 1477 fuere,
2556 1408 2666 1463 hos.

1630 1488 1923 1543 Sedetanos
1942 1490 2101 1543 fuisse
2121 1490 2597 1561 appellatoszqunm
2618 1488 2661 1543 ii

1630 1570 2079 1641 Caesarnngustsni
2120 1570 2346 1634 fuaint,
2378 1581 2439 1621 ut
2482 1570 2661 1621 stetim

1630 1649 1835 1703 Plinius
1853 1648 2135 1711 admonet,
2159 1668 2270 1702 non
2296 1650 2663 1702 Tarraconen·
2702 1684 2715 1695 ·

1628 1729 1699 1783 sis
1726 1729 1847 1783 fori.
1880 1728 2030 1795 Quid
2060 1729 2101 1781 si
2138 1730 2346 1781 Deciani
2370 1728 2569 1797 scribas
2588 1764 2602 1791 ,
2631 1748 2661 1780 a

1631 1816 1845 1863 Δικιανα
1907 1808 2211 1880 Indigetum
2264 1806 2665 1861 mediterraneo

1630 1887 1835 1961 oppido
1848 1887 1993 1961 apud
2010 1888 2149 1941 Ptol.
2170 1889 2264 1941 lib.
2282 1888 2358 1952 11,
2384 1905 2501 1958 cap.
2520 1890 2575 1940 6.
2593 1888 2663 1939 H.

1716 1972 1807 2022 60.
1888 1967 2239 2023 Gerundenses.
2305 1968 2391 2021 Ab
2452 1964 2662 2038 oppido

1630 2046 1889 2103 Gerunda
1912 2046 1968 2101 in
1991 2049 2287 2109 Ausetanis,
2310 2048 2537 2100 Ptolem.
2556 2046 2661 2100 loc.

1628 2129 1721 2183 cit.
1767 2128 1927 2181 Nunc
1972 2128 2165 2182 Gir-ona
2212 2126 2417 2180 incolis.
2470 2126 2657 2179 Hsnn.

1708 2212 1778 2261 61
1794 2248 1807 2262 .
1839 2198 2168 2262 cessar-imm
2181 2246 2197 2269 ‚
2238 2225 2374 2278 quos
2404 2204 2665 2259 mendose

1632 2288 1955 2341 Cessorienses
1968 2288 2066 2341 Pin
2074 2301 2187 2341 etus
2200 2300 2357 2341 vocnt
2368 2326 2384 2352 ,
2396 2304 2661 2356 nusquam

1626 2368 1729 2421 nisi
1746 2367 1887 2439 apud
1910 2368 2167 2422 Nostrum
2183 2365 2443 2421 nominati
2462 2365 2665 2437 reperi-

1626 2460 1805 2501 untur.
1836 2449 1885 2500 H
1892 2466 2020 2501 Αιιι).

1706 2532 1800 2582 62.
1864 2529 1915 2580 Τ
1910 2532 2026 2581 ear-i.
2085 2528 2332 2592 Quorum
2387 2522 2659 2598 oppidum

1625 2606 1785 2661 Tiara
1810 2608 1955 2661 Julia
1974 2647 1991 2673 ,
2030 2610 2309 2678 Τιαριουλία.
2333 2609 2389 2660 in
2424 2609 2661 2675 Ilergao-

1624 2706 1758 2739 num
1785 2687 2184 2743 mediterraneis
2194 2688 2496 2741 civitatibus
2509 2684 2663 2755 apud

1622 2766 1850 2822 Ptolem.
1894 2769 1997 2821 loc.
2046 2768 2135 2821 cit.
2186 2768 2281 2838 qui
2326 2768 2658 2839 Ilergaones,

1624 2858 1689 2899 ut
1718 2849 2053 2913 monuimus,
2092 2848 2232 2899 ultra
2274 2849 2528 2911 Iberum,
2598 2846 2659 2899 in

1623 2928 2103 2999 catalauniamque
2128 2940 2434 2997 promovet.
2468 2927 2657 2981 Iuno.

1704 3008 1802 3062 63.
1827 3006 2085 3061 Iulienses.
2116 3007 2231 3059 Elz.
2254 3005 2513 3059 Salicum.
2544 3010 2655 3060 En.

1724 3091 1813 3151 64.
1878 3086 2273 3171 Aquicaldenses.
2338 3086 2425 3140 Ab
2482 3087 2659 3158 Aquis

1622 3165 1809 3219 calidis
1812 3185 1952 3240 ,qum
1966 3153 2148 3220 niara
2170 3164 2327 3237 θερμὰ
2344 3166 2652 3231 Ptolemaeo,

1620 3246 1713 3299 lib.
1746 3248 1842 3313 11,
1880 3265 1996 3317 cap.
2012 3251 2068 3306 6,
2102 3246 2159 3298 in
2182 3246 2486 3311 Ausetanis,
2504 3265 2661 3302 nunc

1625 3326 1823 3391 Caldes,
1851 3326 2017 3379 leucis
2045 3344 2105 3380 ιν
2136 3344 2171 3379 a
2195 3326 2505 3379 Barcinone.
2538 3327 2609 3379 H.

1702 3406 1797 3460 65.
1852 3406 2085 3460 Onenses.
2128 3405 2211 3458 Ita
2252 3404 2380 3458 libri
2426 3423 2613 3459 omnes
2632 3447 2651 3472 ,

1620 3486 1717 3539 etsi
1758 3486 1941 3558 potius
1972 3487 2225 3539 Aunenses
2250 3503 2316 3537 ex
2348 3484 2650 3539 litterarum

1617 3566 1755 3619 serie
1783 3564 2069 3637 legendum
2091 3563 2350 3617 videatur.
2378 3564 2483 3617 En.

1698 3648 1792 3698 66.
1836 3646 2216 3698 Boeeulonenses.
2247 3645 2329 3697 Its
2343 3644 2498 3697 MSS.
2518 3646 2648 3716 Reg-

1617 3738 1715 3778 etc.
1749 3745 1860 3778 non
1892 3724 2282 3789 Boetulonenses,
2306 3744 2335 3777 a
2365 3724 2645 3778 Betulone

1616 3805 1826 3877 oppido
1864 3806 2107 3876 superius
2161 3816 2457 3857 memorato
2483 3822 2499 3856 :
2530 3803 2639 3857 Sed

1617 3903 1648 3937 a
1670 3887 1922 3938 Βαικοὺλα
1949 3883 2221 3938 Ptolemaei
2236 3922 2253 3949 ,
2284 3884 2341 3935 in
2366 3884 2650 3939 Ausetanis

491 3960 568 4013 cis
591 3962 808 4017 Iberum
835 3963 972 4018 fuit:
997 3965 1140 4019 inter
1165 3986 1376 4021 amnem
1398 3988 1525 4021 enm
1612 3964 1757 4019 inter
1785 3968 1981 4019 Ansam
2005 3976 2059 4017 et
2094 3961 2639 4021 Gerundam..HAnn.

489 4052 545 4093 et
565 4039 820 4112 Pyrenaea
837 4046 980 4115 juga.
1007 4046 1151 4099 Cave
1169 4046 1316 4099 enim
1339 4047 1525 4101 credas

1697 4048 1793 4116 67.
1832 4046 2231 4112 Coesaraugusta.
2252 4043 2517 4097 Nummos
2534 4042 2641 4096 hu-

483 4118 554 4174 ιώ
579 4119 751 4176 Edeta
777 4123 977 4195 oppido
1005 4124 1278 4179 Edetania
1299 4126 1408 4179 sive
1429 4127 1524 4181 Se·
1607 4126 1698 4193 jus
1730 4124 1955 4177 colonio
2006 4121 2206 4175 indices
2248 4122 2440 4175 multos
2484 4122 2649 4177 refert
