2950 5017
1053 488 1370 555 LIBER
1422 486 1575 554 III.

2292 486 2387 571 45

233 650 372 693 rum
405 638 629 692 autem
659 621 1080 690 celeberrimi
1108 646 1124 688 z
1153 618 1597 689 Alabanenses
1616 616 1721 701 ¹⁰²,
1754 618 2069 686 Bastitani
2088 604 2185 701 ¹⁰⁸,
2210 618 2389 687 Con-

233 728 739 813 saburenses¹⁰⁹‚
777 725 1262 808 Dianenses¹¹⁰‚
1309 722 1802 819 Egelestani¹¹'‚
1838 723 2215 808 Ilm-citam,
2258 728 2391 794 La-

229 838 568 919 minitani‚
612 836 989 903 Mentesani
1017 832 1090 857 ¹¹²
1144 835 1261 927 qui
1311 846 1380 901 et
1425 832 1718 915 Oritani‚
1760 817 2229 899 Mentesani¹¹³
2275 834 2392 927 qui

229 958 294 1013 et
337 942 630 1027 Bastuli,
681 928 1052 1010 Oretani¹¹⁶¹
1107 941 1222 1035 qui
1283 952 1352 1007 et
1399 938 1726 1009 Germani
1770 940 2385 1033 cognominantur:

233 1064 564 1144 caputque
608 1047 984 1117 Celtiberiae
1013 1030 1623 1142 Segobrigenses¹'⁵
1655 1070 1671 1111 ε
1710 1030 2389 1139 Carpetaniae¹¹⁶‚To-

312 1292 439 1343 107.
468 1272 828 1325 Alabanenses.
859 1270 944 1324 Sic
971 1270 1122 1324 MSS.
1153 1288 1266 1323 om-

231 1370 352 1405 nes:
375 1372 490 1405 non
505 1392 522 1418 ,
544 1364 610 1405 nt
631 1352 764 1405 editi
787 1353 1073 1415 hactenus,
1092 1350 1266 1403 Baha-

233 1452 414 1496 πωπω,
443 1445 538 1485 aut
561 1444 622 1483 ut
639 1434 759 1484 Vet.
781 1430 928 1502 apud
955 1432 1264 1501 Dalecamp.

235 1512 557 1567 lahama-ses.
575 1512 662 1563 Ab
679 1502 860 1564 haee
876 1550 892 1575 ,
908 1524 968 1565 ut
993 1511 1268 1565 Valerien-

233 1610 308 1644 ses
329 1594 400 1645 ab
425 1593 709 1661 Οὐαλερία,
741 1592 1137 1645 Celtiberorum
1167 1610 1266 1661 op-

233 1670 370 1742 pidis
384 1711 401 1736 ,
427 1670 582 1743 apud
600 1671 826 1725 Ptolem.
853 1671 947 1724 lib.
969 1672 1054 1737 11,
1071 1690 1186 1739 cap.
1209 1675 1264 1735 6,

235 1750 374 1805 haud
400 1752 604 1822 procul
648 1750 935 1821 Ergavica,
981 1748 1262 1803 meridiem

236 1833 366 1883 inter
391 1844 447 1885 et
476 1844 662 1883 ortum
693 1831 855 1895 solis,
883 1842 945 1883 ut
967 1832 1082 1883 vult
1109 1830 1264 1883 Man-

239 1924 429 1964 nertus.
455 1912 528 1963 11.
549 1924 604 1963 et
628 1910 734 1962 En.

313 1993 442 2045 108.
469 1992 740 2045 Bastitam'.
756 1991 978 2042 Veteres
994 1988 1142 2060 apud
1163 1992 1266 2042 Da·

237 2072 328 2123 lec.
349 2073 600 2124 Bastiani.
626 2072 674 2122 A
693 2071 836 2122 Basti
853 2068 1079 2141 oppido,
1097 2068 1266 2122 hodie

235 2151 372 2202 Bm
387 2192 404 2216 ‚
425 2154 486 2204 in
511 2152 684 2221 Reyno
704 2150 767 2201 de
791 2149 1052 2213 Granada,
1081 2148 1148 2203 ad
1169 2152 1266 2201 Re'o

241 2231 588 2283 Guadalemia.
609 2228 776 2283 Dedit
795 2227 851 2282 id
871 2230 1169 2283 Bastitania
1185 2249 1267 2282 re·

235 2312 373 2381 gioni
399 2328 619 2365 nomen.
650 2308 718 2363 H.
742 2322 796 2363 et
818 2310 920 2361 En.

317 2408 438 2461 109.
479 2390 881 2444 causabar-enses.
912 2387 1072 2460 Apud
1103 2390 1264 2441 Grut-

236 2491 288 2541 p.
313 2478 418 2533 402
434 2512 452 2537 ‚
473 2471 683 2523 Muta.
705 2471 1090 2523 Coussnvnon.
1104 2467 1266 2543 Apud

239 2554 482 2606 Ambros.
515 2551 774 2614 Morales,
801 2550 896 2602 fol.
928 2568 1024 2617 19,
1051 2550 1266 2603 Consa-

239 2648 508 2685 svnnrsts.
537 2630 696 2683 Nunc
725 2642 788 2682 ut
804 2628 1038 2692 videtur,
1060 2630 1268 2682 consuo-

237 2730 324 2779 ἕνα
339 2753 355 2778 ,
376 2713 434 2765 in
455 2713 721 2763 Provincia
743 2710 804 2761 de
831 2709 1036 2773 Totedo,
1062 2706 1269 2763 duode-

239 2791 338 2843 cim
356 2792 524 2845 leucis
554 2792 625 2843 ab
649 2791 751 2843 hac
779 2790 930 2841 urbe.
962 2791 1065 2841 En.

319 2890 342 2925 1
361 2892 442 2925 10.
467 2872 758 2927 Diam-’mes-
781 2872 828 2921 A
850 2870 1044 2932 Dian0,
1066 2867 1134 2921 de
1151 2888 1266 2939 quo

236 2970 406 3023 snpra.
427 2952 520 3004 Sic
535 2950 810 3003 Ilorcitani
823 2989 838 3015 ,
855 2960 908 3001 et
925 2948 1268 3011 Laminitani,

234 3032 300 3083 ab
325 3032 516 3095 Ilorci,
547 3042 603 3083 et
641 3030 922 3103 Laminip,
969 3026 1040 3081 de
1069 3029 1268 3100 quibus

239 3112 338 3165 hoc
363 3112 542 3184 eapite
571 3109 820 3163 diximus.
853 3110 1036 3160 Ηιιιι).

316 3210 340 3245 1
357 3210 382 3244 1
399 3208 446 3244 ι.
463 3193 520 3243 E
517 3192 768 3260 gele-ttoni.
790 3188 972 3242 chiffl.
998 3187 1268 3242 Gelestam'.

237 3260 516 3342 ὲγελὲσται
544 3269 821 3332 Straboni,
843 3269 882 3319 l.
913 3268 998 3321 ῙῙῙ
1015 3308 1032 3334 ,
1056 3286 1112 3339 p.
1142 3272 1266 3321 160.

241 3350 392 3404 Nunc
417 3352 640 3403 Ym'esta.
655 3350 910 3419 Egelesta
929 3348 1130 3401 Plinius
1147 3366 1268 3399 rur-

239 3450 357 3483 sum
391 3430 672 3492 meminit,
709 3431 746 3481 Ι.
777 3426 990 3493 XXXI,
1017 3447 1132 3499 cap.
1175 3427 1266 3497 39.

243 3510 398 3583 Apud
422 3511 653 3563 Ptolem.
677 3510 715 3561 l.
743 3508 829 3572 11,
852 3526 901 3561 c.
924 3512 959 3561 6
976 3546 993 3572 ‚
1013 3498 1270 3561 Ῑέτέλιστα

241 3589 294 3643 in
324 3589 664 3661 Carpetanis,
710 3606 812 3657 pro
837 3576 1108 3658 Εγέλεστα.
1145 3586 1268 3640 Non

244 3683 410 3740 potest
429 3688 542 3723 esse
569 3668 774 3721 Mediae
801 3668 936 3734 Ceti,
965 3680 1026 3719 ut
1047 3667 1267 3739 quibus-

249 3748 364 3802 dam
390 3751 561 3803 visum
583 3766 740 3800 :nam
765 3746 984 3801 Medina
1009 3748 1066 3799 in
1095 3747 1269 3801 Celti·

249 3828 382 3881 beris
405 3830 521 3883 fuit.
554 3828 626 3880 H.
658 3840 714 3881 et
733 3826 838 3881 En.

331 3927 354 3961 1
371 3928 455 3962 ιη.
475 3910 766 3962 Mentesani.
781 3906 1010 3961 Gemina
1022 3905 1123 3959 suit
1141 3906 1273 3959 olim

255 3986 482 4043 Mentesa
499 4006 514 4041 :
530 3990 700 4042 altera
721 3987 778 4039 in
809 3986 1044 4039 oritanis
1062 4024 1078 4050 ‚
1093 3986 1272 4040 Ptole·

259 4084 382 4120 man
411 4082 564 4135 teste,
589 4069 734 4122 libro
761 4068 840 4132 11,
885 4084 1004 4137 cap.
1033 4072 1097 4130 6,
1127 4064 1272 4119 unde

260 4147 390 4199 rives
413 4148 620 4202 Oritani
652 4147 1050 4217 eognominati:
1085 4148 1138 4200 in
1171 4148 1276 4199 Ba-

1353 1270 1558 1323 stitanis
1596 1270 1891 1323 Bastulisve
1936 1271 2133 1335 altera,
2168 1269 2235 1323 de
2280 1288 2386 1341 qut

1345 1352 1458 1420 jam
1512 1348 1770 1415 diximus,
1818 1370 1934 1422 etp.
1986 1353 2039 1405 3.
2090 1352 2387 1404 Mentesani

1351 1430 1583 1483 Bestiam
1628 1442 1781 1483 vocat
1818 1432 2159 1485 Antoninus:
2190 1428 2385 1485 Bastuli

1349 1510 1539 1562 incole
1566 1528 1685 1563 eam
1724 1511 1797 1562 ob
1840 1530 1955 1563 rem
2003 1510 2381 1582 cognominati.

1349 1590 1641 1661 Utriusque
1657 1590 1935 1661 vestigium
1950 1632 1965 1655 ‚
1980 1605 2039 1643 ut
2052 1590 2279 1653 videtur,
2296 1608 2385 1644 ex·

1349 1680 1450 1722 stat
1473 1670 1529 1721 in
1558 1669 1725 1721 Couc.
1752 1669 1927 1723 Tolet.
1954 1672 2024 1725 Χ.
2041 1670 2241 1724 Prioris
2260 1670 2385 1743 qui-

1353 1748 1505 1811 dem,
1535 1748 1645 1801 sive
1670 1750 1919 1801 Mentesoe
1949 1750 2210 1814 Oritanae,
2238 1751 2387 1824 quod

1348 1828 1717 1899 subscripsisse
1738 1828 1813 1880 ibi
1832 1830 2027 1900 legitur
2054 1830 2237 1882 Dam‘el
2258 1832 2383 1884 Dia-

1347 1914 1460 1961 eom'
1480 1910 1713 1961 Marcelli
1737 1910 1973 1981 Episcopi
2002 1910 2237 1962 Ecclesia
2269 1912 2385 1964 Uri-

1349 2002 1496 2041 tanoe.
1543 1989 1859 2041 Posterioris
1898 1990 2065 2042 item:
2110 1991 2384 2045 Marcianus

1350 2069 1525 2121 Abbas
1554 2070 1613 2119 V
1606 2069 1845 2136 aldefredi
1870 2072 2117 2141 Episcopo
2148 2072 2385 2126 Ecclesioe

1348 2149 1661 2201 Mentesanoe.
1696 2150 1873 2202 Ham).
1907 2162 1957 2202 et
1980 2151 2085 2203 En.

1436 2246 1458 2280 1
1476 2248 1500 2282 1
1516 2230 1567 2282 3.
1598 2229 1886 2283 Mentesani.
1920 2229 2105 2284 Chiffl.
2124 2232 2377 2285 Mete-sani.

1349 2309 1450 2361 En.

1439 2406 1462 2439 1
1480 2395 1562 2452 14.
1610 2388 1821 2441 Oretani
1854 2393 1938 2461 qui
1967 2403 2014 2441 et
2044 2390 2279 2443 Germani
2298 2414 2379 2445 co-

1346 2472 1709 2537 gnominantur.
1746 2470 1810 2521 ln
1839 2470 2086 2523 Oretanis
2118 2471 2379 2543 oppidum

1353 2549 1454 2600 fuit
1473 2539 1663 2617 ὀρητὸν
1688 2556 1951 2619 Γερμανῶν
1976 2550 2123 2620 apud
2155 2552 2379 2607 Ptolem.

1349 2629 1444 2680 lib.
1475 2630 1563 2692 11,
1584 2646 1702 2700 cap.
1730 2634 1784 2683 6.
1821 2628 1958 2682 Lud.
1984 2632 2196 2683 Nonius
2213 2632 2267 2683 in
2290 2650 2385 2685 sua

1353 2708 1509 2780 Hisp.
1532 2726 1647 2779 oep.
1665 2712 1735 2761 62
1753 2749 1768 2773 ,
1782 2722 1936 2781 putat
1962 2728 2073 2762 esse
2090 2711 2382 2777 Calan-ava,

1353 2786 1422 2841 ad
1452 2787 1653 2841 flumen
1677 2790 1875 2851 Anam,
1900 2790 2063 2843 leucis
2090 2791 2331 2863 quinque
2352 2810 2385 2845 a

1357 2869 1719 2922 Ciudad-Real.
1745 2870 1812 2922 H.
1840 2884 1892 2922 et
1920 2870 2021 2921 En.

1440 2966 1464 3002 1
1483 2948 1572 3001 15.
1622 2948 2009 3019 Segobrigenses.
2045 2950 2240 3004 Procul
2266 2952 2323 3005 hi
2354 2970 2385 3005 a

1353 3028 1641 3103 Segobriga
1662 3030 1933 3083 Valentini
1956 3032 2126 3099 regni.
2146 3032 2195 3083 N
2200 3050 2385 3084 uman-

1351 3108 1440 3161 tioe
1457 3109 1731 3180 proximos
1750 3110 1805 3162 in
1829 3109 2115 3163 Celtiberia
2130 3111 2255 3164 facit
2266 3112 2387 3165 Pto·

1353 3188 1571 3241 lemaeus
1589 3189 1683 3242 lib.
1707 3190 1790 3255 11,
1816 3208 1933 3260 cap.
1956 3194 2011 3255 63
2035 3190 2211 3243 Bilbili
2227 3225 2244 3250 ‚
2266 3211 2389 3263 quae

1355 3268 1432 3320 ibi
1468 3268 1597 3333 fuit,
1635 3268 1730 3321 ubi
1761 3270 1871 3323 fere
1896 3288 2041 3323 nunc
2087 3270 2387 3339 Calatajad,

1357 3347 1579 3415 Strabo,
1602 3349 1697 3401 lib.
1722 3349 1837 3413 ΙΙΙ,
1864 3368 1986 3421 pag.
2022 3354 2129 3402 162
2147 3390 2162 3415 ,
2184 3351 2238 3402 in
2268 3351 2389 3403 Cel-

1357 3428 1543 3481 tiberis
1594 3430 1795 3500 pariter
1850 3448 1975 3482 cum
2028 3430 2386 3483 Numantinis,

1359 3508 1542 3561 nmo.

1446 3608 1467 3641 ι
1486 3591 1574 3641 16.
1606 3588 1916 3659 Carpetanioe
1943 3586 2179 3642 chifflet.
2206 3589 2390 3661 Carpe-

1361 3672 1478 3720 tani.
1509 3666 1889 3738 Subintellige‚
1916 3680 2077 3738 caput
2110 3668 2357 3723 Toletum
2376 3713 2393 3739 ‚

1359 3760 1420 3800 ut
1441 3748 1731 3819 Segobriga
1770 3748 2085 3801 Celtiberico.
2118 3754 2395 3819 Καρπητα-

1359 3828 1432 3881 νεὶ
1457 3826 1703 3901 Appiano
1726 3828 1782 3879 in
1808 3828 1949 3881 Iber.
1970 3846 2088 3899 pag.
2119 3832 2253 3883 283.
2281 3836 2393 3885 Ka-

1361 3908 1651 3977 ρακιτανοῦς
1695 3907 1811 3977 ira-ip
1870 3910 1951 3960 τὸν
1996 3910 2159 3979 Τάγον
2186 3948 2202 3973 .,
2248 3911 2393 3981 apud

1363 3986 1713 4040 Plutarchum
1740 3985 1795 4039 in
1820 3986 2085 4053 sertorio,
2115 4008 2235 4059 pag.
2263 3990 2395 4061 576,

1365 4066 1528 4126 male.
1561 4085 1663 4138 pro
1710 4071 2093 4138 Καρπητανοὺς.
2142 4070 2395 4124 Toletum

1364 4145 1531 4199 hodie
1568 4146 1747 4199 Toledo
1778 4160 2013 4201 vocatur.
2044 4150 2110 4201 H.
2145 4161 2197 4201 et
2228 4150 2327 4203 En.
