2950 5017
496 777 559 833 15

600 420 699 497 50

1139 420 1217 487 C.
1276 418 1626 489 PLINII
1680 420 1882 490 NAT.
1939 418 2196 487 HIST.

594 553 821 641 lerini,
864 550 1183 638 Gallam,
1217 551 1522 645 Hequaesi
1540 604 1561 638 ,
1602 553 1878 637 Limici,
1921 550 2381 644 Querquerni‚
2431 550 2598 621 citra
2642 550 2755 621 fa-

594 661 863 731 stidium
903 659 1349 788 nominsentur.

704 748 1177 860 Longitudo¹⁵⁶

1212 764 1536 833 citerioris
1579 764 1911 857 Hispaniae
1951 776 2084 850 est,
2139 761 2226 831 ad
2259 761 2463 831 finem
2505 764 2755 832 Castu-

595 874 765 945 lonis
809 897 850 941 a
889 874 1239 965 Pyrenaeo,
1274 885 1586 999 sexcenta
1629 890 1879 964 septem
1916 893 1996 940 lu.
2031 893 2246 963 pass.,
2285 882 2354 937 et
2393 892 2516 938 ora
2544 868 2756 963 paulo

596 977 900 1074 amplius.
923 962 1322 1106 Latistudo¹⁵⁷
1348 1000 1385 1045 a
1397 980 1772 1045 Tarracone
1788 974 1874 1045 ad
1893 974 2076 1044 littus
2095 920 2463 1061 Olaisonis,
2477 997 2751 1046 cccvn·

598 1087 657 1155 E
684 1068 1107 1154 radicibus¹⁵⁸

1156 1084 1490 1176 Pyrenaei,
1530 1083 1648 1153 uhi
1689 1096 2012 1151 cuneatur
2053 1082 2372 1176 angustiis
2403 1082 2578 1150 inter
2611 1080 2756 1150 duo

596 1192 829 1274 maria,
860 1188 1175 1284 paulatim
1218 1188 1457 1259 deinde
1493 1213 1564 1258 se
1587 1187 1924 1318 pandens,
1959 1212 2091 1281 qua
2122 1188 2450 1283 contingit
2475 1186 2756 1257 ulterio-

599 1320 743 1366 rem
786 1295 1209 1389 Hispaniam,
1268 1293 1718 1365 tantumdem¹
1725 1280 1775 1333 ⁵⁹
1832 1308 1900 1364 et
1937 1291 2220 1388 amplius
2253 1291 2584 1363 latitudini
2623 1292 2755 1363 ad-

592 1404 759 1496 jicit.
798 1400 1087 1472 Metallis
1107 1401 1391 1495 plumbi,
1417 1400 1612 1489 ferri,
1645 1402 1822 1488 aeriS,
1851 1401 2150 1529 argenti,
2167 1400 2345 1485 auri,
2375 1412 2518 1469 tota
2537 1397 2757 1469 ferme

602 1508 921 1602 Hispania
950 1521 1197 1577 scatet:
1226 1508 1515 1577 Citerior
1549 1520 1618 1577 et
1637 1490 2176 1603 specularibus&
2207 1451 2579 1600 lapidibus.
2609 1509 2755 1575 13ae-

602 1615 733 1684 tica
770 1628 837 1683 et
887 1613 1117 1681 minio.
1174 1615 1345 1683 Sunt
1386 1628 1454 1682 et
1497 1638 1906 1683 marmorum
1967 1610 2380 1741 lapicidinae.
2405 1612 2758 1681 Universae

604 1720 937 1814 Hispaniae
1004 1720 1451 1815 Vespasianus
1523 1722 1900 1814 Imperator
1965 1702 2402 1813 Augustus*

604 1932 649 1987 si
664 1972 681 1997 ,
700 1932 759 1983 in
788 1930 1027 2001 inscript.
1048 1948 1174 1983 mox
1190 1927 1424 1984 citanda.
1438 1929 1640 2001 Διμυιοὶ

602 2012 894 2065 Ptolemae
934 2026 1149 2063 rursum
1192 2010 1447 2080 appellati
1462 2046 1481 2077 ,
1515 2026 1640 2063 cum

604 2088 813 2161 oppido
856 2088 1001 2159 quod
1030 2090 1177 2158 ψόρον
1220 2094 1437 2159 Διμυιῶν
1469 2100 1640 2145 vocat.

602 2169 891 2240 Inscriptio
918 2180 1066 2220 vetus
1104 2165 1248 2238 apud
1278 2168 1492 2222 Gruter.
1521 2185 1640 2239 pag.

611 2248 960 2309 ‚45:131nm
975 2246 1279 2299 Comani.
1298 2249 1532 2311 Eszst.
1551 2248 1643 2299 ln-

608 2344 898 2380 rnanncx.
940 2327 1160 2379 ercr.
1190 2328 1425 2381 AEmsoc.
1456 2326 1642 2391 Qua-

606 2424 839 2470 var.
872 2404 1028 2459 Prius
1057 2405 1332 2476 legebatur
1358 2406 1415 2459 in
1438 2405 1643 2471 Plinio,

608 2486 667 2539 V
662 2486 810 2547 ibali,
835 2496 887 2537 et
901 2502 1033 2537 voce
1062 2485 1219 2538 unica
1244 2505 1274 2538 e
1292 2484 1501 2539 duabus
1521 2504 1645 2540 con·

606 2564 733 2619 flata
752 2564 1067 2635 AEquesilici.
1082 2564 1195 2617 Nos
1224 2564 1518 2619 litterarum
1551 2582 1645 2617 or-

606 2643 734 2697 dine
772 2642 1031 2697 admoniti
1046 2680 1065 2706 ,
1097 2655 1152 2696 et
1164 2656 1496 2699 vetustorum
1527 2662 1644 2697 mo-

604 2736 989 2778 numentorum
1012 2721 1151 2784 fide,
1182 2724 1361 2777 locum
1397 2723 1643 2777 correxi·

604 2822 745 2857 mus.
762 2806 940 2875 Aquas
959 2801 1345 2873 Querquennas
1362 2822 1395 2857 a
1421 2803 1646 2857 Bracara

606 2883 803 2937 distare
830 2882 901 2935 ait
922 2882 1255 2948 Antoninus,
1272 2901 1381 2937 mn
1418 2901 1483 2936 u.
1505 2902 1642 2955 pass.

607 2960 907 3033 Κουακιρνοὶ
921 2974 1044 3013 sunt
1058 2960 1377 3027 Ptolemaeo,
1394 2975 1447 3016 et
1459 2948 1644 3017 Ῠὸατα

609 3047 951 3113 Κουακερνῶν.
979 3040 1170 3093 Halm.
1434 3074 1441 3081 -

621 3108 639 3123 ⁶
700 3139 725 3174 1
738 3119 825 3173 56.
864 3118 1143 3189 Longitudo
1156 3150 1372 3168 ......
1420 3134 1644 3173 sexcenta

612 3212 788 3272 septem
805 3199 883 3253 M.
900 3218 1039 3268 pass.
1061 3198 1359 3252 Martianus
1374 3232 1391 3261 ‚
1417 3200 1516 3254 lib.
1533 3201 1644 3266 VI,

614 3300 729 3352 cap.
755 3276 823 3331 de
844 3277 1099 3349 Hispania
1115 3317 1131 3344 ,
1153 3296 1275 3350 pag.
1305 3280 1435 3333 203.
1456 3281 1643 3333 Haan.

614 3361 809 3412 —Hic
831 3370 1013 3411 autem
1040 3358 1265 3411 multum
1288 3376 1319 3409 a
1342 3376 1469 3411 vero
1493 3359 1646 3413 aber·

615 3452 700 3494 rat
724 3439 953 3504 Noster3
984 3438 1281 3491 maximum
1316 3438 1463 3491 enim
1511 3438 1648 3493 inter

619 3517 922 3573 Castulonis
936 3516 1072 3570 fines
1094 3530 1147 3570 et
1163 3516 1404 3587 Pyrenoi
1424 3520 1550 3589 juga
1572 3518 1650 3573 in-

620 3598 903 3651 tervallum
934 3598 1024 3649 vix
1056 3614 1283 3649 occcux
1308 3614 1372 3649 ιι.
1396 3616 1534 3669 pass.
1555 3610 1649 3651 est.

623 3678 789 3731 Recte
812 3687 989 3727 autem
1016 3674 1169 3729 addit
1190 3688 1240 3727 et
1260 3696 1347 3727 om
1360 3676 1516 3747 paulo
1549 3696 1651 3729 am-

622 3756 780 3827 plius,
804 3772 926 3807 nam
954 3772 984 3805 a
1006 3754 1205 3809 finibus
1225 3754 1431 3827 Murgis
1453 3756 1524 3809 ad
1547 3757 1655 3829 Py·

632 3852 865 3889 rena-‚um
898 3835 1327 3905 promontorium
1366 3856 1658 3891 numeran-

635 3927 725 3968 tur
742 3913 955 3965 circiter
971 3930 1113 3965 ncxx
1133 3932 1199 3967 ιι.
1218 3933 1353 3985 pass.
1378 3914 1483 3969 En.

638 4041 649 4049 .
700 3992 827 4065 157.
847 3992 1112 4045 Latitudo.
1138 4026 1151 4041 .
1177 4026 1192 4041 .
1217 4027 1231 4040 .
1262 3994 1655 4050 CCCVHfflic

615 4074 774 4129 etiam
786 4085 926 4127 errat
936 4074 1154 4127 Noster:
1169 4086 1317 4127 recto
1330 4075 1473 4128 enim
1490 4093 1654 4131 cursu

2463 1716 2758 1811 jactatus

1727 1930 1994 1995 Tamen,
2027 1926 2196 1983 hodie
2239 1928 2290 1981 T
2283 1946 2534 1997 φησιν
2553 1966 2570 1994 ,
2598 1946 2632 1983 a
2663 1927 2760 1981 lit-

1727 2022 1843 2061 tore
1871 2006 2168 2073 Oiarsonis,
2197 2004 2363 2061 hodie
2393 2008 2658 2077 oymun,
2685 2006 2762 2063 de

1727 2106 1834 2159 qua
1859 2088 2024 2153 urbe,
2042 2087 2138 2141 lib.
2161 2088 2264 2157 IV,
2283 2104 2401 2158 cap.
2427 2086 2500 2149 34
2515 2122 2538 2152 ,
2555 2086 2761 2141 dicturi

1727 2186 1910 2221 sumus
1924 2206 1942 2233 ,
1969 2168 2058 2220 vix
2077 2185 2174 2220 ccx
2193 2183 2260 2221 ιι.
2283 2184 2425 2237 pass.
2447 2164 2626 2221 distat.
2651 2164 2760 2219 En.

1814 2248 1944 2301 158.
1977 2248 2030 2301 Ε
2058 2245 2316 2299 radicibus.
2343 2245 2434 2299 sic
2471 2247 2529 2299 in
2567 2244 2758 2301 Chim.

1726 2327 1908 2381 Dalec.
1935 2338 1990 2380 et
2013 2326 2128 2380 Elz.
2150 2328 2229 2379 Ee
2246 2325 2504 2379 radicibus.
2527 2323 2638 2380 En.

1817 2425 1840 2459 1
1855 2406 1944 2474 59.
1974 2404 2288 2459 Tantundem
2305 2406 2600 2475 etamplius.
2631 2404 2764 2461 Hac

1729 2486 1926 2539 rectius
1953 2486 2148 2541 Noster
2165 2502 2182 2537 ε
2203 2503 2330 2539 nam
2359 2504 2390 2538 a
2414 2485 2609 2539 Dianio
2631 2504 2766 2557 pro·

1733 2565 2000 2619 montorio
2045 2563 2115 2618 ad
2159 2564 2320 2619 Minii
2365 2564 2500 2619 ostia
2541 2564 2765 2619 circiter

1733 2662 1844 2697 nu
1875 2662 1940 2698 x.
1975 2663 2115 2715 pass.
2142 2657 2516 2697 numerantur.
2549 2638 2654 2699 En.

1818 2726 1947 2777 160.
1989 2723 2328 2795 Specularibus
2365 2723 2606 2795 lapidibus
2633 2725 2764 2780 vet.

1729 2820 1819 2874 ap.
1845 2803 2026 2857 Dalec.
2055 2803 2333 2875 Specularis
2353 2804 2534 2873 lapidis
2556 2823 2578 2858 .·
2599 2804 2766 2859 Baeu'-

1731 2902 1789 2935 ca
1806 2895 1854 2934 et
1869 2886 2016 2937 mietio
2035 2896 2085 2935 et
2103 2902 2388 2937 marmenem
2403 2884 2769 2955 lapidicinis-

1729 2962 1812 3015 De
1845 2962 1930 3016 his
1967 2960 2206 3017 dicemus
2241 2964 2626 3035 opportunius,
2663 2964 2767 3019 lib.

1729 3041 1965 3107 XXXV,
2001 3060 2117 3115 cap.
2155 3042 2247 3105 45.
2279 3040 2385 3097 En.

1819 3124 1943 3175 161.
1975 3123 2218 3177 Iactatus.
2253 3121 2330 3175 Vi
2362 3140 2428 3177 ac
2455 3118 2770 3179 necessitate

1731 3199 1958 3271 quadam
1981 3218 2286 3273 expressam
2303 3219 2416 3255 esse
2441 3219 2559 3255 eam
2577 3202 2774 3257 libera·

1731 3280 1935 3335 litatem
1955 3281 2162 3347 innuit,
2183 3294 2246 3335 ut
2261 3280 2530 3353 Hispanos
2549 3282 2654 3335 sibi
2675 3280 2772 3337 de·

1731 3360 1959 3415 vinciret
1979 3380 1995 3413 :
2017 3379 2183 3432 quum
2191 3362 2478 3433 jactaretur
2498 3360 2614 3432 ipse
2637 3361 2768 3415 Rei·

1733 3438 1965 3511 publicae
1997 3440 2247 3512 procellis
2260 3479 2278 3506 ‚
2317 3438 2424 3493 hnc
2471 3452 2552 3493 est
2567 3480 2584 3505 ,
2617 3440 2768 3495 civili

1735 3518 1878 3572 bello
1902 3518 2108 3573 Vitellii
2123 3558 2137 3584 ,
2157 3532 2217 3573 ut
2237 3518 2478 3573 levamen
2497 3516 2560 3573 id
2585 3518 2770 3591 quod·

1737 3596 1862 3651 dam
1879 3617 2064 3653 eorum
2091 3597 2414 3653 damnorum
2438 3598 2628 3664 fuerit,
2645 3617 2771 3671 qun

1739 3678 1812 3731 ob
1844 3677 2019 3731 civilia
2047 3680 2436 3750 Imperatorum
2461 3678 2604 3732 bella
2637 3697 2770 3750 per·

1741 3776 1890 3837 pessa
1910 3771 2040 3811 esset
2060 3757 2334 3830 Hispania.
2361 3758 2768 3813 Immunitatem

1743 3857 1774 3890 a
1797 3838 2039 3904 tributis,
2063 3838 2174 3891 sive
2189 3834 2456 3895 Claudius
2476 3839 2617 3909 Imp.
2651 3838 2766 3892 sive

1742 3917 2070 3971 anteriorum
2097 3918 2288 3988 aliquis
2319 3914 2510 3971 iisdem
2547 3936 2766 3973 conces-

1743 4008 1901 4058 serat,
1922 3998 2002 4051 uti
2029 4016 2092 4051 ex
2123 3997 2320 4051 Seneca
2335 3995 2667 4067 colligimus,
2693 3994 2762 4051 de

1745 4075 1926 4131 Benef.
1939 4076 2036 4131 lib.
2057 4077 2284 4149 VI,cap.
2313 4093 2400 4145 ¹9·
2423 4074 2491 4129 Η.
