2950 5017
618 476 772 577 493
1143 480 1222 547 c.
1279 476 1621 546 PLINII
1676 476 1894 547 NAT.
1950 477 2207 547 Hlsr.

617 610 974 682 Palmiram
1029 630 1296 703 quoque
1359 632 1442 676 ex
1497 606 1963 679 solitudinibus
2041 609 2121 677 iis
2188 606 2435 701 aliquid
2492 606 2737 677 obtinet

617 702 910 787 Emesa³⁰
944 740 959 784 ε
1006 717 1164 784 item
1209 713 1503 782 Elatium
1524 768 1545 802 ‚
1591 714 1869 784 dimidio
1918 716 2197 809 propior
2253 716 2503 799 Petrae,
2546 737 2737 808 quam

617 827 1008 894 Damascus.
1044 825 1102 890 A
1128 806 1358 890 Sura³¹
1397 836 1622 891 autem
1653 823 1955 917 proxime
1991 834 2093 890 est
2121 818 2479 891 Philiscum
2499 874 2519 907 ,
2556 821 2736 916 oppi-

617 930 778 999 dum
801 929 1199 999 Parthorum
1227 927 1312 997 ad
1328 928 1767 1022 Euphratem.
1798 928 1903 997 Ab
1926 952 2008 998 eo
2032 911 2463 997 Seleuciam³²
2492 926 2737 997 dierum

615 1036 848 1106 decem
878 1036 1213 1131 navigatio
1230 1086 1250 1122 ‚
1299 1034 1711 1129 totidemque
1733 1035 1873 1104 fere
1894 1032 2322 1129 Babylonem.
2348 1018 2737 1104 Scinditur³⁸

613 1143 992 1238 Euphrates
1035 1166 1076 1210 a
1117 1144 1477 1236 Zeugmate
1516 1126 1919 1238 octoginta³⁴
1958 1140 2171 1211 tribus
2212 1162 2293 1211 κ.
2344 1164 2515 1236 pass.
2572 1142 2740 1209 circa

615 1251 838 1319 vicum
889 1250 1218 1319 Massicen
1253 1272 1269 1315 ε
1307 1262 1378 1317 et
1421 1261 1611 1343 parte
1654 1246 1821 1319 laeva
1862 1248 1932 1317 in
1975 1248 2531 1379 Mesopotamiam
2568 1245 2744 1315 vadit

484 1416 494 1427 .
613 1380 736 1452 per
767 1358 978 1450 ipsam
1001 1352 1399 1441 Seleuciam,
1425 1355 1607 1425 circa
1632 1378 1777 1423 eam
1806 1354 2179 1449 praefluenti
2212 1340 2238 1378 ⁵
2267 1353 2521 1423 infiisus
2544 1352 2741 1448 Tigri.

544 1476 574 1530 5
613 1463 1006 1532 Dexteriore
1019 1446 1071 1486 ³⁶
1103 1474 1328 1530 autem
1346 1459 1539 1531 alveo
1566 1460 1973 1557 Babylonem
1997 1516 2019 1550 ‚
2051 1459 2389 1557 quondam
2422 1456 2745 1530 Chaldaeae

612 1584 817 1665 caput
832 1569 1032 1663 petit,
1065 1566 1483 1663 mediamque
1515 1592 1899 1662 permeanS‚
1924 1569 2084 1637 item
2112 1590 2316 1663 quam
2343 1551 2607 1636 Otrin³⁷
2630 1588 2745 1634 vo·

614 1689 806 1762 cant,
845 1659 1297 1745 distrahitur³⁸
1342 1676 1412 1743 in
1465 1673 1763 1771 paludes.
1810 1676 2135 1745 Increscit
2180 1658 2475 1743 autem³⁹
2512 1686 2581 1741 et
2614 1673 2747 1767 ipse

614 1781 752 1853 Nili
793 1780 996 1851 modo
1035 1782 1221 1850 statis
1265 1779 1505 1851 diebus
1535 1831 1556 1865 ‚
1603 1781 1879 1877 paulum
1922 1780 2242 1851 differens
2265 1832 2287 1869 ,
2326 1802 2406 1849 ac
2448 1780 2759 1874 Mesopo-

616 1888 891 1958 tamiam
924 1885 1206 1955 inundat
1223 1937 1242 1971 ‚
1283 1885 1424 1957 sole
1459 1888 1806 1958 obtinente
1847 1889 2230 1958 vicesimam
2264 1900 2527 1983 partem
2576 1888 2753 1957 Can-

700 2087 789 2141 30.
819 2088 1016 2140 Emesa.
1058 2088 1240 2141 Dalec.
1281 2086 1509 2139 Hemesa.
1540 2086 1646 2142 En.
1735 2089 1900 2143 Ducis
1910 2088 2079 2161 Syriae
2096 2101 2149 2141 et
2160 2086 2565 2158 Euphratensis.
2582 2086 2759 2141 Hm.

615 2196 697 2211 -
715 2156 916 2238 ἑμισσα.
937 2166 1224 2220 Ptolemaeo
1243 2204 1260 2231 ,
1275 2165 1373 2219 lib.
1395 2167 1468 2233 V,
1492 2184 1539 2219 c.
1562 2184 1585 2219 1
1600 2166 1654 2233 5,
1817 2168 1913 2222 32.
1942 2168 2029 2221 Ab
2056 2186 2112 2219 eo
2134 2166 2418 2219 Seleuciam.
2446 2166 2761 2232 Martianus,

617 2250 676 2301 in
699 2251 996 2319 Apameae.
1021 2247 1166 2299 Hinc
1195 2244 1459 2299 Eusebius
1480 2244 1655 2300 Emis-
1734 2248 1830 2301 lib.
1856 2248 1936 2300 vl
1948 2284 1965 2313 ,
1992 2265 2112 2317 cap.
2140 2244 2208 2300 de
2226 2244 2529 2318 Euphrate,
2552 2264 2613 2317 p.
2638 2264 2761 2299 no.

617 2328 792 2381 senius
805 2326 1103 2399 episcopus.
1116 2326 1384 2379 Nummus
1393 2324 1656 2379 Antonini

613 2405 762 2478 apud
786 2407 1065 2471 Patinum,
1089 2423 1212 2477 pag.
1247 2408 1387 2471 2²8,
1407 2405 1655 2459 EMICH·

614 2490 789 2541 ΝΩΝ.
815 2486 1114 2540 Trebellius
1137 2484 1309 2538 Pollio
1335 2482 1393 2537 in
1408 2484 1653 2538 Aurelia·

615 2585 690 2619 no
702 2566 972 2619 Emessam
987 2577 1163 2619 voest.
1181 2567 1481 2617 Innummo
1492 2564 1651 2617 sulio

615 2646 867 2710 Domum,
893 2662 1020 2716 pag.
1047 2661 1190 2713 ²9⁰»
1232 2644 1503 2699 8³11an
1532 2650 1653 2698 ΚΟ·

615 2726 898 2779 ΔΩΝῙΔΕ.
929 2724 1112 2776 Ηιιιυ.

699 2805 732 2857 3
745 2822 794 2857 1.
819 2805 874 2857 A
885 2801 1036 2855 Sue-a.
1054 2802 1157 2855 Hic
1175 2800 1404 2855 Plininni
1421 2802 1655 2857 editores

615 2882 786 2935 Asara
809 2922 825 2946 ‚
873 2884 1044 2936 Arum
1092 2881 1184 2935 alii
1205 2918 1224 2945 ‚
1276 2880 1652 2953 Daleeampius

616 2963 780 3015 Assur
802 2962 1050 3033 reponit:
1073 2978 1240 3032 quum
1265 2960 1547 3033 perspicua
1558 2960 1652 3017 ad·

613 3040 840 3095 modum
867 3042 1132 3112 planaque
1149 3040 1421 3110 scriptoris
1437 3053 1649 3095 senten-

614 3119 688 3173 tia
715 3121 818 3178 sit,
863 3120 932 3172 sb
975 3120 1120 3179 Ura,
1165 3119 1276 3173 sive
1307 3120 1471 3185 Sura,
1501 3120 1650 3193 quod

611 3200 900 3254 novissime
911 3198 1200 3271 appellavit
1213 3234 1228 3258 ‚
1243 3218 1307 3253 ex
1323 3198 1391 3253 iis
1412 3199 1651 3272 oppidis,

613 3276 734 3352 qun?
761 3278 1030 3351 Euphrati
1055 3278 1286 3331 confinis
1321 3290 1470 3337 sunt,
1498 3280 1648 3351 sequi

613 3360 857 3431 proxime
874 3358 1166 3411 Philiscum
1179 3390 1198 3419 ‚
1213 3369 1312 3411 etc.
1327 3358 1398 3411 Et
1414 3358 1649 3414 Onelius

611 3438 1651 3510 tamenThesaurnmsuumlocuplet-vit

614 3518 718 3573 hnc
737 3536 869 3573 voce
895 3519 1089 3582 Asara,
1105 3516 1346 3588 corrupti
1363 3518 1525 3591 hujus
1544 3519 1651 3573 loci

615 3596 726 3651 fide
741 3636 758 3664 ,
781 3610 844 3651 ut
867 3615 1126 3651 numerus
1137 3609 1391 3651 cresceret
1407 3597 1647 3670 oppido·

615 3696 760 3731 rum.
789 3674 1404 3731 Ham—Chiffletinn.
1430 3702 1454 3725 ι
1482 3680 1650 3732 Assur

616 3770 796 3810 nutem
822 3756 1070 3828 proxime
1097 3769 1203 3821 est,
1234 3756 1527 3810 Philiscum
1546 3776 1647 3828 op·

617 3835 834 3907 pidum,
888 3836 1330 3907 Parthorumque.
1355 3861 1380 3884 ·
1434 3836 1541 3891 En.
1566 3868 1649 3883 --

617 3916 712 3969 Est
749 3916 862 3971 hoc
909 3914 1087 3969 Flavia
1135 3915 1312 3968 Firma
1358 3916 1493 3970 Sura
1508 3954 1525 3983 ,
1556 3915 1646 3972 ·de

1818 2326 1912 2383 33.
1959 2326 2223 2380 Scinditur.
2270 2324 2509 2380 chifflet.
2532 2326 2763 2379 sets-dim

1734 2409 1875 2460 enim.
1896 2406 2005 2461 En.

1812 2487 1845 2541 3
1857 2492 1911 2551 4.
1937 2488 2120 2557 Octog.
2136 2485 2305 2539 tribus.
2326 2486 2455 2557 Leg.
2474 2502 2759 2539 nmxnv.

1730 2567 1811 2620 Ita
1834 2566 1986 2620 MSS.
2010 2568 2143 2638 Reg.
2178 2584 2202 2621 1
2226 2604 2243 2631 ,
2270 2584 2299 2619 s
2314 2602 2332 2632 ‚
2356 2577 2412 2619 et
2428 2564 2601 2619 editio
2620 2565 2763 2636 prin-

1734 2662 1877 2718 ceps.
1899 2648 1965 2699 In
1984 2645 2099 2699 MS.
2118 2648 2251 2717 Reg.
2281 2644 2311 2699 ⁶
2328 2682 2345 2711 ,
2364 2662 2587 2699 univ.
2600 2646 2667 2699 In
2686 2662 2761 2699 re-

1732 2725 2059 2779 centina-ibus
2108 2722 2438 2779 editionibus
2458 2762 2477 2789 ,
2530 2740 2759 2779 mmm.

1730 2804 1995 2877 Maiorem
2022 2822 2309 2859 numerum
2346 2804 2585 2876 postulat
2620 2804 2763 2859 loeo·

1728 2900 1855 2937 rum
1880 2885 2029 2939 situs.
2056 2885 2229 2939 Bnorr.
2252 2916 2335 2927 -—-
2354 2882 2759 2949 Chiffletisnus,

1728 2980 2002 3017 nnxxnn.
2034 2964 2140 3017 En.

1810 3043 1904 3099 35.
1936 3042 2086 3097 Cim
2104 3062 2227 3097 eam.
2246 3044 2344 3098 Est
2363 3042 2509 3097 enim
2526 3042 2763 3097 Seleucia

1726 3122 1785 3175 in
1810 3122 2116 3177 confluente
2153 3124 2442 3195 Euphratis
2464 3123 2609 3177 fossa
2638 3140 2760 3193 per·

1726 3200 1879 3257 ducti
1894 3242 1910 3269 ,
1937 3214 2100 3274 atque
2122 3204 2329 3275 Tigris,
2356 3214 2421 3256 ut
2440 3201 2761 3257 diceturlib.

1726 3282 1811 3334 VI
1824 3322 1842 3346 ,
1864 3300 1913 3337 e.
1937 3284 2025 3337 30.
2040 3280 2221 3337 Hui).
2241 3306 2323 3318 -·
2338 3282 2527 3337 chiffl.
2542 3286 2759 3356 eir-esque

1728 3378 1852 3415 mm.
1884 3364 1991 3415 En.

1810 3440 1905 3495 36.
1937 3442 2237 3495 Dexter-ion.
2270 3437 2628 3495 Ocddentnli.
2651 3440 2723 3493 11.

1809 3522 1903 3589 37.
1918 3522 2085 3575 Otr-in.
2103 3522 2260 3575 Mss.
2272 3538 2461 3575 omnes
2473 3558 2489 3585 ‚
2504 3521 2760 3574 Mosam.

1809 3600 1905 3655 38.
1935 3600 2261 3655 Duker-abitur.
2282 3598 2427 3655 Vide
2456 3601 2760 3655 Philo-tm.

1724 3679 1821 3735 lib.
1850 3681 1879 3733 1
1902 3678 1975 3733 de
1998 3681 2111 3735 vita
2134 3680 2321 3752 Apoll.
2346 3698 2468 3752 cap.
2504 3686 2579 3746 ιζ
2599 3720 2617 3745 ,
2644 3696 2759 3752 pq.

1730 3776 1823 3828 ²9·
1850 3761 2037 3814 nnn.

1807 3839 1903 3910 39.
1924 3841 2155 3893 Increscit
2182 3833 2358 3893 aufem.
2376 3838 2629 3905 Solinus,
2646 3854 2763 3911 mp-

1723 3936 1940 3985 xmn,
1968 3938 2087 3993 pag.
2130 3922 2227 3975 66.
2278 3922 2485 3973 Auctor
2525 3920 2655 3973 filu-i
2696 3918 2765 3973 de

600 3996 724 4067 ‘qus
773 3995 828 4048 in
877 3995 1080 4049 Notitis
1121 3994 1267 4065 Imp.
1317 3996 1474 4050 Rom.
1518 4014 1638 4069 cap.
1718 3998 1970 4052 Mensura
1992 4000 2143 4054 orbis
2168 4010 2355 4065 terrai,
2383 3998 2503 4053 HS.
2532 4000 2763 4062 scr-ho,

615 4092 776 4139 xxiv,
826 4092 945 4147 pag.
997 4080 1063 4139 41
1087 4112 1105 4141 ‚
1145 4076 1248 4128 sub
1291 4073 1641 4148 dispositione
1717 4078 1817 4131 lib.
1842 4078 2011 4145 xvl,
2039 4098 2167 4151 pog-
2198 4085 2333 4149 7⁴⁰·
2366 4078 2558 4133 Esau.
