2950 5017
576 450 665 522 16

1099 454 1179 521 C.
1233 450 1577 520 PLINII
1632 452 1850 522 NAT.
1908 452 2167 521 HIST.

560 607 867 655 occasum
887 568 963 671 ⁴³,
1001 587 1347 653 Oceanum
1383 580 1788 651 Atlanticum
1834 583 2247 676 provinciam
2268 568 2320 615 ⁴⁴

2366 582 2702 678 adoptans

556 692 762 786 petit,
810 689 1115 760 modicus
1151 691 1417 784 primo,
1485 688 1602 757 sed
1654 685 2018 758 multorum
2061 688 2408 758 fluminum
2449 714 2702 784 capax,

559 903 961 997 Ossigitania
973 886 1023 933 ⁴⁵

562 1008 857 1102 laevaque
886 1005 1209 1077 accolitur
1249 1006 1531 1145 oppidis.

435 798 445 809 '
556 796 849 891 quibus?
830 820 973 891 lpse
1025 795 1271 865 famam
1319 817 1654 889 aquasque
1685 794 1924 864 aufert.
1969 796 2229 864 Baeticae
2270 797 2568 890 primum
2611 796 2701 863 ab

1050 901 1338 986 infusus,
1368 924 1634 971 amoeno
1664 900 1948 970 blandus
1966 899 2160 970 alveo
2183 901 2433 971 crebris
2462 901 2698 971 dextra

670 1113 1120 1184 Celeberrima
1159 1100 1375 1183 inter⁴
1376 1099 1621 1182 ⁶hunc
1662 1126 1732 1182 et
1767 1113 2020 1182 Oceani
2063 1137 2250 1183 oram
2285 1114 2354 1182 in
2389 1112 2699 1182 mediter·

558 1245 764 1290 raneo
786 1206 1108 1316 Segeda⁴⁷
1111 1272 1131 1305 ,
1159 1244 1307 1315 quae
1330 1221 1676 1314 Augurina
1699 1220 2247 1314 cognominatur.
2262 1204 2500 1289 Julia⁴⁸
2505 1271 2524 1306 ,
2551 1244 2700 1312 quae

556 1354 685 1411 Hac
702 1370 880 1412 autem
898 1354 1064 1411 verba
1084 1375 1199 1411 non
1225 1354 1297 1411 ad
1322 1354 1588 1409 Tader-em

555 1437 779 1491 fluvium
806 1435 1085 1491 referenda
1113 1448 1256 1498 sunt,
1274 1446 1335 1487 ut
1358 1434 1587 1506 quidam

556 1515 947 1583 existimavere,
989 1514 1085 1569 sed
1126 1512 1193 1568 ad
1230 1514 1413 1567 Baetim
1431 1552 1448 1580 ,
1488 1511 1584 1585 qui

553 1594 646 1649 hic
675 1593 913 1669 quodam
948 1592 1109 1647 modo
1134 1591 1335 1647 Taderi
1360 1592 1586 1663 opponi-

554 1686 663 1729 tur.
682 1675 821 1727 Dum
850 1673 991 1727 enim
1008 1710 1023 1737 ,
1056 1672 1230 1744 inquit
1255 1669 1464 1737 Noster,
1489 1672 1586 1725 Ta—

553 1754 652 1807 der
680 1751 1169 1824 Carthaginiensem
1196 1768 1377 1821 agrum
1405 1750 1579 1822 rigat,

552 1832 817 1905 Scipionis
868 1850 1088 1902 rogum,
1155 1829 1317 1881 Ilorci
1376 1830 1536 1881 situm
1564 1868 1581 1895 ,

552 1912 862 1983 conspicere
906 1908 1205 1973 sustinens,
1237 1907 1395 1961 Betis
1430 1905 1582 1961 illum

550 1991 746 2063 refugit
764 2000 818 2043 et
836 2006 1019 2043 versus
1044 1988 1101 2040 in
1124 2004 1403 2052 occasum,
1424 1988 1582 2041 Baeti-

552 2089 671 2125 cam
724 2068 1054 2141 provinciam
1114 2064 1294 2136 irrigat
1341 2063 1582 2137 petitque

552 2152 855 2205 Oceanum.
872 2142 1150 2217 Oppidum
1174 2140 1359 2207 Ilorci,
1381 2140 1450 2197 de
1470 2164 1582 2217 quo

550 2230 645 2283 hic
664 2230 877 2291 Noster,
890 2224 1055 2277 hodie
1080 2234 1159 2276 est
1174 2228 1351 2282 Lorca,
1376 2223 1447 2277 ad
1470 2241 1583 2276 am-

552 2328 678 2363 nem
708 2314 1003 2374 Sangonera
1040 2304 1275 2353 avenidas
1315 2306 1380 2354 de
1418 2309 1582 2355 Lot-ca

552 2398 804 2439 vocatum
848 2382 979 2447 sita,
1012 2391 1065 2434 et
1100 2396 1261 2433 xxvn
1294 2398 1360 2434 ιιι.
1386 2398 1524 2452 pass.
1551 2400 1584 2434 a

554 2460 763 2519 Tadere
799 2461 1040 2525 distans;
1088 2458 1456 2531 Scipionisque
1496 2478 1583 2513 ro·

550 2563 675 2615 gns,
698 2536 853 2595 etiam
881 2557 1027 2591 nunc
1052 2540 1278 2605 Sepulero
1310 2541 1373 2589 de
1390 2540 1584 2608 Scipion

551 2622 742 2678 incolis
780 2618 984 2681 dictus,
1010 2635 1083 2669 xx
1119 2612 1331 2669 circiter
1356 2628 1421 2670 Π.
1445 2634 1582 2689 pass.

553 2704 623 2756 ab
648 2701 780 2755 urbe
805 2699 1012 2760 Lorca,
1037 2693 1311 2749 meridiem
1350 2709 1582 2759 versus,

552 2783 829 2857 reperitur.
816 2781 1047 2834 .Cneum
1066 2789 1245 2829 autem
1262 2774 1590 2848 Scipionem,

554 2874 673 2933 post
690 2860 849 2913 Publ.
872 2858 1089 2911 fratrem
1112 2854 1373 2919 occisum,
1390 2856 1448 2908 in
1469 2868 1584 2909 tur-

554 2942 661 2995 rim
704 2936 995 3012 quamdam
1047 2933 1361 2990 Asdrubalis
1412 2930 1583 3026 copia

554 3020 846 3091 fugientem
874 3016 1297 3087 compulerant:
1346 3032 1453 3086 qua
1494 3017 1580 3066 in·

552 3120 743 3164 censa,
773 3116 897 3151 cum
924 3094 1073 3150 omni
1096 3094 1357 3149 comitatu
1390 3094 1584 3147 misere

554 3189 923 3236 concrematus
975 3187 1095 3241 est,
1150 3186 1211 3227 ut
1265 3185 1451 3229 auctor
1505 3184 1585 3226 est

554 3260 827 3335 Appianus
864 3257 923 3311 in
952 3212 1211 3318 Ibericis,
1238 3272 1294 3325 p
1329 3252 1448 3306 263.
1474 3252 1580 3304 En.

625 3338 711 3405 43.
751 3346 1023 3404 Venusque
1066 3336 1117 3385 in
1166 3352 1414 3385 occasum.
1442 3330 1583 3385 Vide

552 3432 733 3474 notam
756 3414 1103 3489 superiorem.
1124 3410 1225 3464 En.

627 3498 719 3563 44.
727 3497 1051 3549 Provinciam.
1066 3489 1583 3562 Boeticaeprovinciae‚

556 3595 717 3650 quam
744 3572 971 3628 mediam
997 3581 1181 3635 secat,
1202 3588 1359 3623 suum
1380 3588 1580 3623 nomen

558 3655 890 3728 impertiens.

628 3734 714 3798 45.
751 3736 831 3785 Ab
860 3732 1205 3799 Ossigitania.
1226 3725 1405 3780 Dalec.
1448 3728 1581 3779 Ossi-

550 3815 775 3883 gitaniae.
802 3810 887 3863 Ab
912 3804 1089 3880 Ossigi
1111 3802 1349 3879 oppido,
1378 3804 1447 3858 de
1467 3824 1579 3897 quo

558 3910 701 3945 mox.
726 3890 808 3941 Ab
840 3908 901 3942 ea
937 3886 1219 3959 provincia
1246 3884 1497 3938 Baeticoe‘
1481 3884 1580 3937 ini-

558 3972 687 4025 tium
709 3966 833 4022 duci
854 3964 998 4021 haud
1025 3964 1252 4018 obscure
1271 3964 1471 4017 innuit:
1499 3964 1576 4017 ci-

556 4063 639 4103 tra
654 4066 834 4104 versus
848 4044 1281 4121 septemtrionem
1298 4052 1351 4097 et
1366 4056 1542 4097 ortum
1561 4080 1578 4109 ‚

1674 1352 2126 1410 Tarraconensem
2147 1374 2286 1409 esse:
2313 1374 2486 1429 quare
2511 1355 2581 1408 ad
2599 1355 2702 1410 Ca·

1667 1434 1932 1488 stulonem
1973 1428 2264 1507 oppidum,
2300 1434 2449 1507 quod
2491 1436 2698 1489 Bautica

1669 1512 1793 1568 finis
1811 1514 1970 1585 paulo
2061 1526 2108 1567 st
2125 1514 2350 1582 dicetur,
2367 1510 2693 1589 Ossigitania

1667 1586 1936 1664 pertinuit.
2037 1610 2158 1647 am.

1741 1676 1829 1735 46.
1850 1676 1994 1723 Inter
2008 1672 2156 1724 laune.
2183 1672 2334 1726 Inter
2359 1669 2544 1724 Boetim
2565 1708 2585 1737 ,
2625 1668 2697 1725 ab

1665 1746 2009 1823 Ossigitania,
2029 1748 2098 1803 ad
2128 1751 2322 1804 fretum
2341 1750 2714 1815 Gaditanum,-

1667 1842 1724 1883 et
1750 1828 2000 1882 Atlantici
2041 1846 2190 1882 oram
2224 1828 2452 1890 Oceani,
2491 1830 2700 1884 Cordu-

1666 1907 1844 1961 bensis
1863 1921 2162 1961 conventus
2179 1906 2568 1961 mediterranea
2593 1928 2698 1982 op-

1665 1986 1792 2058 pida
1819 1986 1918 2040 ista
1947 2001 2102 2040 sunt:
2129 1986 2365 2059 Segeda,
2399 1998 2499 2040 etc.

1739 2070 1824 2135 47.
1852 2068 2050 2134 Segeda
2065 2104 2084 2128 ‚
2113 2086 2226 2135 qreoe
2239 2068 2500 2135 Augurina
2517 2087 2698 2136 cogno-

1665 2148 1900 2197 minatur.
1924 2144 2042 2197 Alia
2071 2156 2146 2197 est
2173 2164 2236 2198 ac
2257 2148 2470 2213 Segida,
2497 2143 2568 2199 de
2587 2164 2699 2218 qua

1665 2222 1917 2287 inferius3
1936 2224 2182 2295 quamvis
2197 2218 2414 2295 quidem
2431 2243 2520 2277 eas
2537 2226 2700 2279 nrbes

1665 2303 1888 2375 plurimi
1911 2321 2011 2376 pro
2029 2321 2138 2355 una
2157 2299 2359 2355 incauti
2373 2303 2697 2376 acceperint.

1666 2383 1791 2448 Quo
1813 2396 1993 2437 autem
2020 2384 2076 2436 in
2101 2384 2224 2437 loco
2249 2380 2350 2437 sita
2376 2384 2539 2437 fuerit
2565 2384 2699 2437 urbs

1665 2462 1756 2516 illa
1809 2454 2120 2533 ignoratum
2165 2480 2338 2535 neque
2390 2463 2534 2516 enim
2593 2463 2698 2516 iilis

1665 2540 1914 2595 assentiri
1937 2559 2186 2612 possum,
2206 2542 2335 2613 qui,
2370 2551 2431 2594 ut
2455 2536 2700 2607 Pinetus,

1665 2638 1784 2673 eam
1822 2623 2032 2671 Medina
2068 2621 2273 2671 Sidonia
2319 2638 2432 2672 esse
2474 2620 2698 2685 volunt,

1665 2716 1773 2751 non
1792 2698 1950 2770 longe
1967 2698 2037 2751 ab
2049 2699 2304 2764 Oceano,
2287 2716 2498 2831 ,Ἑιιιιιι
2511 2718 2578 2752 ex
2595 2718 2698 2771 op-

1665 2773 1916 2851 pidorum
1953 2776 2089 2831 serie
2127 2789 2306 2849 pateat
2425 2789 2592 2830 strum
2625 2778 2698 2831 ab

1667 2856 1874 2910 oriente
1900 2853 1971 2909 ad
1997 2854 2364 2921 occidentem,
2393 2856 2450 2909 id
2487 2868 2592 2924 est,
2627 2858 2698 2910 31)

1669 2949 1794 2991 ortu
1830 2934 1902 2989 ad
1931 2935 2130 2990 ostium
2150 2937 2278 2989 Ana
2305 2934 2542 2989 fluminis
2569 2956 2698 3009 pro-

1667 3015 1872 3071 cedere.
1914 3017 2156 3071 Fortasse
2197 3012 2406 3088 Segeda
2446 3018 2547 3072 sita
2595 3018 2698 3072 suit

1660 3094 1812 3169 juxta
1833 3102 1979 3149 Tor-re
1997 3114 2089 3164 que
2107 3096 2336 3149 Bradilla
2361 3114 2581 3168 parvum
2601 3096 2698 3150 flu-

1669 3194 1826 3241 men,
1853 3174 2002 3247 quod
2043 3174 2100 3227 in
2142 3174 2326 3228 Baetim
2371 3186 2494 3228 octo
2525 3174 2696 3230 leucis

1613 3255 1620 3267 ’
1666 3273 1829 3327 snpra
1849 3256 2083 3323 Andujar
2104 3252 2299 3308 influit.
2329 3254 2436 3307 En.

1739 3332 1823 3397 48.
1853 3337 2017 3397 Iulia,
2066 3353 2180 3402 quoe
2219 3335 2458 3387 Fidentia.
2494 3332 2698 3387 Tiberii

1665 3431 1937 3477 nummus,
1957 3413 2016 3465 in
2027 3412 2300 3467 Thesauro
2317 3412 2534 3479 Goltzii,
2556 3414 2694 3467 Cor..

1668 3488 1784 3547 Ivr..
1811 3493 2122 3559 Ριιιιιπτυς
2154 3492 2248 3547 sed
2273 3504 2398 3547 sunt
2413 3493 2694 3548 Goltziana

1665 3571 1831 3625 latina
1866 3572 2186 3626 numismata
2209 3574 2466 3645 pleraque
2488 3572 2696 3626 adulte-

1663 3650 1785 3706 rina
1811 3662 1863 3705 et
1887 3652 2026 3704 ficta.
2055 3650 2480 3705 Harum-Hanc
2505 3652 2694 3705 urbem

1663 3726 1929 3787 diversam
1957 3743 2146 3783 contra
2177 3729 2440 3785 Harduini
2482 3730 2693 3803 opinio-

1663 3826 1788 3861 nem
1821 3818 1976 3881 putat
2013 3808 2325 3863 Mannertus
2363 3811 2433 3862 31)
2469 3828 2532 3863 ea
2571 3828 2692 3881 quae

1664 3889 1800 3939 Iulia
1827 3899 2054 3941 vocatur
2076 3907 2104 3940 a
2129 3888 2360 3951 Caesare,
2379 3886 2512 3941 Bell.
2540 3888 2690 3941 Alex.

1667 3968 1870 4039 capa&
1893 3978 1945 4019 et
1970 3966 2059 4019 65.
2095 3966 2225 4020 Beli.
2253 3964 2474 4038 Hispan.
2503 3966 2688 4020 incert-

1667 4058 1808 4121 auct.
1847 4064 1960 4119 cap.
2009 4046 2040 4099 3
2078 4057 2128 4099 et
2173 4049 2226 4111 4.
2265 4046 2384 4099 Dio.
2411 4045 2556 4099 Cass.
2595 4046 2689 4099 lib.
