2950 5017
1121 395 1436 464 LIBER
1487 397 1619 462 VI.

2291 393 2431 490 733

287 539 476 596 utres
515 527 706 596 binos
743 513 1176 596 sternentes⁵⁵
1205 542 1412 622 ponte
1447 529 1793 623 piraticam
1834 542 2147 598 exercent
2176 531 2432 624 sagittis

287 635 651 702 venenatis
687 635 940 703 Gentes
975 632 1537 728 Troglodytarum
1576 633 1747 701 idem
1793 636 1831 702 J
1838 635 1967 702 uba
2012 634 2215 704 tradit
2250 636 2433 706 The-

288 740 566 808 rothoas
583 725 950 808 ⁵-7avenatu
986 739 1230 828 dictos,
1264 741 1450 808 mirae
1469 737 1867 808 velocitatis:
1912 741 2081 810 sicut
2115 741 2431 836 Ichthyo-

285 845 588 940 phagos‚
597 859 941 988 ⁵9natantes
973 831 1046 930 ⁵⁸,
1119 869 1240 916 ceu
1314 848 1517 915 maris
1597 845 1963 914 animalia:

2036 850 2375 942 Bangenos
2410 901 2431 934 ‚

287 937 648 1044 Zageras⁵⁹
651 1005 672 1038 ,
696 949 1062 1044 ChalybaS‚
1090 953 1398 1032 Saxinas‚
1426 954 1743 1046 Syreca5‚
1775 954 2099 1026 Dan-emas
2122 1005 2141 1040 ‚
2180 956 2433 1022 Doma-

285 1080 510 1126 zanes.
555 1057 738 1146 Quin
775 1072 844 1126 et
879 1057 1139 1127 accolas
1181 1057 1319 1126 Nili
1360 1082 1401 1127 a
1438 1060 1652 1151 Syene
1704 1082 1841 1126 non
1878 1058 2265 1154 AEthiopum
2308 1085 2427 1154 po-

283 1160 516 1256 puloS‚
546 1163 662 1232 sed
690 1163 986 1231 Arabum
1023 1189 1166 1233 esse
1202 1164 1364 1232 dicit
1389 1187 1597 1257 usque
1620 1165 1919 1231 Meroen.
1958 1163 2127 1233 Solis
2162 1189 2429 1293 quoque

282 1269 646 1363 oppidum,
686 1269 867 1363 quod
891 1295 1022 1338 non
1061 1268 1296 1364 procul
1319 1270 1677 1364 Memphi
1658 1293 1729 1338 in
1749 1271 2015 1364 AEgypti
2040 1261 2209 1339 situ⁰
2212 1269 2430 1340 ‘’dixi-

279 1461 465 1532 phrasi
487 1479 502 1510 =
537 1487 562 1508 ι
579 1461 936 1514 Mes-cantium
961 1461 1035 1514 ibi
1063 1463 1314 1515 transitus

279 1539 524 1593 infestari
564 1559 628 1593 ex
669 1540 904 1593 Arabicis
951 1541 1139 1594 insulis
1181 1540 1314 1595 dicit

277 1621 314 1672 J
319 1621 424 1672 uba
451 1638 466 1671 :
497 1637 629 1690 quas
651 1620 840 1672 Aseitae
863 1620 1061 1674 habent
1087 1623 1308 1678 Arabes,

279 1699 480 1770 quibus
518 1717 550 1750 e
588 1717 646 1752 re
680 1711 802 1751 nata
840 1697 1024 1752 datum
1066 1719 1264 1753 nomen
1297 1719 1311 1752 :

275 1797 407 1831 nam
448 1776 664 1831 bubulis
699 1779 908 1832 utribus
951 1781 1314 1832 contabulatas

277 1871 450 1912 crates
468 1870 868 1928 superponunt,
888 1859 1187 1930 vectatique
1205 1859 1312 1911 boc

274 1937 412 1990 ratis
437 1955 634 2007 genere
659 1949 1036 2008 pretereuntes
1061 1938 1314 1990 infestant

275 2017 487 2088 sagittis
520 2016 812 2070 venenatis.
835 2043 860 2064 ι
895 2019 978 2069 De
1010 2017 1096 2070 his
1123 2018 1312 2071 Ascitis

275 2096 530 2167 superius
549 2093 756 2148 dictum
783 2109 859 2149 est
884 2113 1004 2166 cap.
1033 2096 1120 2148 32.
1149 2096 1218 2151 H.

367 2177 458 2229 56.
503 2172 778 2228 Stet-nentes
812 2187 982 2246 ponte.
1027 2175 1145 2228 Hoc
1191 2188 1271 2229 est
1293 2213 1314 2242 ,

276 2255 574 2318 asseribus,
619 2273 712 2306 seu
753 2267 897 2308 crate
943 2256 1273 2326 superposita
1292 2295 1309 2320 ,

273 2353 392 2406 quo
441 2333 606 2387 veluti
656 2346 825 2406 ponte
876 2334 1044 2387 maria
1096 2334 1268 2388 securi
1293 2371 1310 2398 ‚

273 2414 502 2467 navium
525 2413 668 2478 vice,
697 2426 1029 2484 percurrant.
1061 2415 1240 2467 Iliun.

366 2497 459 2563 57.
502 2493 800 2544 Therothoas
837 2511 868 2543 a
908 2506 1106 2546 venatu.
1135 2497 1183 2544 A
1220 2513 1312 2546 ve-

270 2585 408 2626 natu
437 2572 630 2624 thoum
647 2612 661 2636 ,
683 2571 752 2626 de
777 2572 974 2643 quihus
993 2573 1136 2624 libro
1156 2573 1313 2638 VIII,

272 2652 523 2720 Θηροθόαι
547 2665 672 2705 sunt
693 2651 942 2722 appellati
967 2673 981 2705 ε
1009 2649 1168 2706 iidem
1199 2652 1316 2705 aliis

273 2736 570 2802 Θωοθῆραι,
620 2749 746 2784 nam
804 2744 857 2783 et
901 2738 1038 2792 Θῶες
1089 2744 1144 2784 et
1185 2734 1310 2794 Θόες

273 2812 455 2865 Greci
473 2811 740 2863 scribunt:
762 2823 816 2862 et
833 2813 1072 2881 Θηροθόαι
1087 2810 1311 2882 perinde

273 2909 340 2944 ac
366 2895 654 2960 Θωοθῆραι,
685 2889 1137 2960 quemadmodum
1165 2890 1312 2961 apud

273 2969 502 3024 Suidam
528 2971 796 3040 Θηρολὲξης
831 2983 882 3022 et
913 2970 1188 3041 Αεξιθῆρης.
1229 2972 1310 3022 De

271 3051 362 3102 his
391 3051 586 3102 iterum
613 3049 755 3101 libro
781 3049 1136 3120 subsequente
1153 3087 1168 3108 .
1191 3069 1308 3120 cap.

279 3148 336 3182 2.
361 3129 688 3192 Martianus,
716 3129 810 3182 lib.
838 3128 944 3194 VI,
970 3146 1086 3200 cap.
1116 3127 1184 3180 de
1215 3130 1313 3181 Ba-

273 3209 534 3281 bylonia,
561 3226 620 3278 p.
647 3211 758 3260 226
789 3226 803 3260 :
843 3207 1071 3274 -Feras,
1101 3208 1302 3280 inquit,

272 3307 440 3341 cursu
465 3298 806 3358 praetereunt.
832 3312 856 3334 ι-
891 3288 1070 3341 Ham).

363 3369 460 3421 58.
489 3367 758 3427 Nutantes,
783 3387 866 3418 ceu
893 3371 1040 3419 maris
1057 3368 1307 3420 anienalia.

273 3447 408 3500 Fuit
452 3447 548 3516 qui
591 3444 878 3516 legendum
923 3446 1274 3500 arbitraretur
1291 3483 1308 3512 ,

271 3539 513 3579 venantes
545 3529 622 3576 sui
657 3529 804 3578 man‘s
837 3527 1069 3578 animalia
1101 3545 1120 3578 .·
1160 3525 1306 3598 quod

271 3625 376 3676 per
413 3625 473 3657 se
515 3603 766 3675 frigidum
809 3605 940 3658 mihi
985 3607 1160 3659 visum
1191 3619 1304 3670 est,

267 3685 534 3757 quoniam
561 3685 644 3736 sui
673 3685 832 3738 maris
855 3685 1102 3738 animalia
1121 3685 1308 3738 venari

268 3783 390 3816 non
425 3765 586 3816 unius
614 3764 913 3834 cujuspiam
955 3765 1128 3836 gentis
1151 3783 1309 3836 pecu-

267 3845 410 3896 liare
433 3863 546 3896 esse
572 3844 768 3914 possit,
795 3843 886 3896 sed
915 3861 1040 3896 cum
1063 3844 1310 3914 pluribus

267 3941 564 3976 commune
611 3941 721 3975 esse
773 3941 984 3976 necesse
1033 3922 1119 3977 sit.
1171 3923 1310 3977 Sane

267 4015 472 4073 preter
539 4021 856 4056 consensum
918 4001 1164 4057 codicum
1235 4005 1309 4058 ita

1399 1462 1669 1533 scripsisse
1704 1460 1973 1524 Plinium,
2016 1462 2093 1514 uti
2132 1460 2431 1526 edidimus,

1398 1540 1561 1594 Plinii
1634 1541 2046 1610 transcriptores
2120 1553 2379 1597 testantur
2413 1563 2427 1597 ε

1397 1619 1691 1675 Martianus
1706 1659 1722 1684 ,
1744 1620 1837 1672 lib.
1859 1621 1995 1685 V‚c.
2020 1618 2089 1672 de
2113 1621 2431 1694 Babylonia,

1395 1718 1521 1770 pag.
1572 1703 1683 1752 226
1726 1717 1740 1751 :
1795 1725 1817 1746 ι
1854 1699 2176 1752 Habitantur
2226 1702 2381 1754 etiam
2407 1743 2425 1766 ,

1395 1779 1603 1850 inquit,
1629 1778 1816 1832 adusta
1844 1778 2297 1850 Troglodytarum
2322 1819 2338 1846 ,
2372 1794 2428 1834 et

1396 1859 1927 1929 Ichthyophagorum
1990 1859 2253 1929 gentibus.
2322 1859 2427 1913 Sed

1395 1939 1559 2008 primi
1590 1939 1727 1990 feras
1760 1955 1920 1990 cursu
1957 1951 2279 2009 protei-eunt
2306 1957 2319 1992 :
2350 1940 2427 1992 al-

1397 2017 1501 2070 teri
1542 2015 1726 2070 nando
1775 2016 2007 2069 marinas
2050 2017 2257 2070 belluas
2308 2019 2426 2072 viu-

1397 2109 1547 2150 cunt.
1576 2122 1600 2144 ι-
1651 2097 1721 2148 Et
1759 2107 1969 2150 secutus
2008 2114 2131 2148 eum
2178 2097 2425 2163 Solinus,

1395 2194 1514 2247 cap.
1543 2195 1669 2239 ινι,
1697 2194 1817 2246 pag.
1851 2175 1963 2245 87':
1992 2197 2014 2218 α
2032 2175 2421 2250 Ichthyophagi

1393 2274 1505 2308 nou
1555 2273 1703 2308 secus
1754 2273 1915 2325 quam
1964 2255 2181 2306 marinae
2234 2257 2426 2312 bellum

1393 2333 1577 2388 nando
1602 2335 1659 2386 in
1694 2334 1829 2386 mari
1858 2333 2053 2386 valent.
2076 2358 2097 2379 n
2132 2335 2277 2399 Quin
2309 2337 2425 2407 ipsa

1395 2415 1650 2466 orationis
1684 2426 1946 2466 structura
1988 2413 2273 2467 lectionem
2308 2435 2425 2468 eam

1395 2493 1623 2546 mirifice
1675 2494 2021 2546 constabilit:
2064 2512 2233 2564 quum
2280 2496 2425 2548 enim

1393 2585 1653 2625 asseverat
1682 2572 2020 2625 Therothoas
2049 2571 2199 2624 mirae
2228 2575 2425 2628 veloci-

1395 2653 1517 2704 tatis
1538 2671 1649 2704 esse
1673 2653 1731 2704 in
1754 2665 1950 2704 venatu
1968 2689 1985 2714 ,
2006 2650 2147 2703 sicut
2168 2653 2425 2724 Ichthyo-

2467 1075 2499 1124 8

1395 2731 1633 2801 phagos,
1682 2732 2015 2784 velocitatem
2058 2729 2205 2784 haud
2260 2731 2423 2786 dubie
2458 2801 2465 2808 ι

1393 2811 1574 2863 innuit
1608 2810 1665 2861 in
1715 2823 1911 2864 venatu
1946 2809 2033 2863 sui
2081 2811 2326 2880 generis:
2362 2824 2425 2864 ut

1392 2891 1548 2943 sicuti
1587 2890 1911 2942 Therothoae
1951 2907 2111 2942 cursu
2142 2891 2278 2942 feras
2297 2929 2314 2954 ,
2350 2890 2422 2943 ita

1390 2969 1561 3040 pisces
1584 2981 1767 3022 natatu
1798 2969 2190 3038 Ichthyophagi
2216 2971 2424 3042 assequi

1391 3049 1789 3114 existimentur,
1829 3048 1978 3120 quasi
2022 3060 2077 3100 et
2122 3048 2225 3119 ipsi
2260 3050 2422 3103 maris

1391 3129 1637 3181 animalia
1678 3127 1923 3200 quedam
1974 3127 2171 3180 forent.
2216 3127 2422 3182 Eadem

1391 3208 1565 3260 forma
1616 3207 1873 3279 loquendi
1919 3208 1977 3259 in
2025 3205 2160 3260 Cod.
2209 3208 2419 3262 Theod.

1391 3287 1488 3340 lib.
1527 3287 1669 3350 vn,
1714 3288 1797 3340 tit.
1850 3305 1911 3350 r,
1956 3285 2029 3338 de
2066 3305 2125 3338 re
2163 3285 2421 3352 militari,

1391 3367 1485 3419 lib.
1505 3367 1672 3432 xm,
1690 3367 1947 3437 jubentur
1968 3364 2163 3417 milites
2193 3391 2215 3412 ι
2234 3367 2425 3436 procul

1390 3465 1422 3498 a
1447 3459 1764 3499 cunctorum
1792 3445 2073 3497 obtutibus
2097 3463 2255 3515 vagos
2278 3459 2424 3498 nata-

1390 3537 1476 3578 tus
1498 3525 1805 3578 animalium
1829 3542 2071 3586 exercere
2090 3549 2113 3570 ι
2136 3563 2150 3582 .
2182 3525 2286 3578 boc
2311 3539 2388 3578 est
2406 3564 2423 3591 ,

1393 3605 1701 3658 animalium
1731 3623 1879 3656 more
1902 3617 2101 3656 natare.
2128 3603 2311 3657 Hann-

1478 3683 1569 3753 59.
1610 3685 1893 3754 Bar-genos,
1932 3684 2179 3752 Zageras.
2220 3683 2424 3753 Bange-

1395 3783 1513 3828 nos,
1542 3765 1839 3833 Zangenas,
1874 3763 1933 3814 in
1966 3763 2123 3816 MSS.
2165 3762 2323 3817 Colb.
2356 3781 2377 3816 1
2402 3801 2419 3824 ,

1402 3863 1430 3896 s
1449 3884 1466 3908 ,
1496 3855 1595 3896 etc.
1627 3843 1810 3896 Hsnn.

1480 3925 1569 3974 60.
1594 3923 1656 3974 In
1686 3923 1907 3992 AEgypu'
1934 3924 2032 3973 situ
2059 3921 2285 3973 dicimus.
2315 3921 2425 3972 He-

1397 4002 1646 4072 liopolim
1677 4000 1957 4072 intelligit,
1989 3999 2057 4054 de
2087 4019 2191 4072 qua
2221 3999 2427 4054 dictum
