2950 5017
1064 473 1383 542 LIBER
1438 471 1572 539 VI.

246 609 639 680 adnatantes
692 621 991 676 terruere
1059 603 1353 676 classem.
1404 601 1631 674 Insula
1647 593 1695 632 ²⁵

246 719 601 802 Gauratae,
640 715 711 782 in
753 711 993 807 quibus
1038 699 1342 781 Chiani²⁶

2225 468 2380 566 673

1761 601 2171 673 Acrotadus:
2221 607 2382 676 item

1386 735 1567 806 gens.
1615 708 1894 782 Flumen
1907 711 1954 750 ²⁷
1985 712 2270 804 Hyperis
2312 716 2382 782 in

245 821 471 898 medio
504 821 651 890 sinu
660 821 987 952 8Persico‚
1034 818 1492 886 onerariarum
1543 817 1814 888 navium
1847 839 2075 910 capax.
2109 816 2386 888 Flumen

244 914 1333 1021 Sitiogagus²⁸,quoPasa1-gadas²⁹

247 1057 405 1102 men
439 1028 811 1163 navigabile
852 1013 1291 1100 Heratemis³⁰

1362 923 1642 1016 septimo
1678 921 1785 992 die
1825 923 2198 1018 navigatur.
2231 926 2286 992 F
2287 923 2385 994 lu·

1314 1026 1572 1098 :insula
1607 1029 1748 1098 sine
1787 1029 2075 1100 nomine.
2107 1027 2384 1101 Flumen
2421 1039 2454 1093 ⁵

248 1123 555 1208 Granis³¹
596 1136 1009 1206 modicarum
1043 1136 1313 1204 navium
1356 1158 1632 1264 capax,
1636 1160 1782 1264 sper
1830 1135 2149 1204 Susianen
2203 1136 2378 1208 fluit.

246 1232 548 1314 dextra³²
594 1243 737 1337 ejus
774 1241 1083 1313 accolunt
1116 1225 1659 1310 Deximontani³³
1675 1293 1696 1326 ‚
1738 1242 1854 1336 qui
1896 1240 2196 1311 bitumen
2232 1269 2388 1337 per-

245 1399 438 1451 falsum
464 1410 559 1452 est.
582 1398 811 1470 Capella
836 1408 1015 1450 tamen
1034 1411 1273 1450 errorem

247 1490 368 1532 toto
406 1497 499 1530 ore
526 1477 669 1531 bibit
696 1477 939 1542 Solinus,
990 1495 1109 1548 cap.
1142 1485 1273 1543 mv.

248 1575 376 1629 pag.
408 1557 503 1610 85.
536 1558 722 1611 Halm.

336 1635 427 1689 25.
472 1637 641 1688 Insula
679 1634 976 1690 Aeneadas.
1030 1633 1111 1688 Itu
1151 1634 1277 1688 libri

252 1713 401 1768 editi.
422 1717 494 1768 At
514 1715 666 1769 MSS.
689 1717 821 1785 Reg.
847 1733 899 1778 1,
917 1733 947 1767 α
964 1751 979 1776 ,
999 1725 1100 1769 etc.
1116 1715 1277 1768 Aelaeo-

253 1795 471 1848 clads-m.
518 1793 699 1848 Chisfl.
759 1793 1069 1846 Athieadrus.
1115 1793 1279 1847 Forte

258 1873 589 1936 Caio-andrus,
609 1869 945 1944 Κιώιανδρος.
977 1871 1153 1926 Ham).

337 1958 429 2008 26.
465 1955 646 2008 Chiam·
676 1972 814 2024 gens.
868 1951 1054 2007 Chiffl.
1113 1953 1279 2025 Cyam‘

247 2053 389 2106 gens.
422 2031 523 2084 En.

338 2130 430 2183 27.
482 2113 689 2164 Flumen
726 2110 957 2181 Hyperis.
990 2110 1177 2177 Quum
1211 2109 1279 2163 sit

253 2193 427 2246 amnis
446 2191 537 2246 ille
559 2192 928 2244 onerariarum
954 2190 1171 2244 navium
1198 2206 1280 2242 ca·

251 2291 387 2344 pax,
429 2290 541 2324 non
572 2283 749 2342 potest
776 2270 822 2322 is
851 2287 963 2324 esse
992 2269 1086 2340 qui
1115 2261 1277 2340 Αριὼν

250 2351 323 2404 ab
346 2351 572 2404 Arriano
591 2361 813 2404 vocatur
830 2348 889 2402 in
910 2347 1135 2413 Indicis,
1158 2367 1277 2420 pag.

255 2431 407 2496 583,
438 2442 500 2484 ιιι
530 2429 814 2483 Salmasius
839 2427 1130 2494 existimat,
1156 2445 1278 2498 pag.

260 2529 287 2564 1
304 2531 327 2565 1
342 2513 409 2565 81
422 2547 439 2575 ,
454 2509 511 2562 in
528 2508 677 2562 Solin
689 2549 703 2563 .
722 2527 893 2580 quum
905 2507 949 2560 is
968 2505 1281 2560 diceturmi·

252 2590 407 2643 nime
426 2599 738 2660 portuosus,
762 2587 911 2640 aditu
938 2586 1177 2640 faucium
1195 2605 1285 2640 an-

254 2681 417 2742 gusto
440 2667 667 2721 maxime
681 2705 698 2733 ‚
724 2679 779 2720 et
797 2665 1014 2721 vadoso.
1034 2665 1218 2720 Ham).

340 2751 429 2803 28.
458 2747 663 2800 Flumen
695 2745 996 2817 Sitiogagas.
1033 2745 1099 2798 In
1124 2743 1279 2799 MSS.

254 2827 570 2898 Sitiogadus‚
596 2828 728 2897 Reg.
760 2845 783 2879 1
801 2864 819 2890 ‚
843 2847 873 2880 ιι
890 2863 905 2890 ,
940 2825 1095 2879 colb.
1134 2843 1157 2878 1
1180 2865 1197 2890 ‚
1230 2844 1281 2879 ι.

254 2908 425 2962 Paris.
448 2904 629 2960 Chim.
654 2905 957 2975 Sitioganus.
980 2905 1187 2964 Σιτακὸς
1210 2915 1287 2957 est

256 2987 491 3042 Arriano
510 2984 567 3038 in
597 2983 823 3050 Indicis,
844 3002 967 3056 pag.
992 2984 1125 3039 583.
1148 2983 1219 3036 Η.

342 3087 437 3136 ²9·
461 3064 797 3134 Pasargadas.
813 3063 1288 3135 Stephanus,11ae·

258 3141 519 3218 σαργάδαι
558 3145 719 3207 wahe.
766 3145 899 3196 Eam
952 3160 1139 3196 vocem
1176 3140 1291 3214 ipse

257 3227 673 3297 interpretetur,
710 3228 911 3293 Περσῶν
942 3218 1251 3293 <parda-:2802
1272 3259 1289 3286 ‚

259 3307 523 3358 Persarum
548 3314 708 3355 caste-a
728 3342 745 3366 ,
776 3299 1127 3374 Persagadum
1151 3302 1290 3355 Cur·

260 3387 369 3438 tius
398 3394 550 3438 vocat
574 3383 672 3436 lib.
694 3383 765 3435 V.
786 3385 868 3434 De
892 3400 953 3435 ea
968 3400 1183 3434 rursum
1203 3380 1291 3434 in-

262 3464 459 3523 ferius,
482 3480 601 3532 cap.
633 3481 729 3532 ²9·
761 3460 935 3514 Hodie
974 3461 1139 3527 Pasa,
1180 3460 1291 3513 eive

262 3545 437 3597 Fusa·
457 3543 580 3595 karl.
603 3543 782 3594 Ham).
802 3555 855 3594 et
871 3540 976 3593 Eu.

349 3624 441 3676 30.
462 3622 755 3674 Heratemis.
766 3619 853 3674 Sic
864 3617 1263 3674 emendavimus
1272 3657 1289 3684 ,

262 3723 435 3774 quum
451 3701 579 3754 libri
597 3719 783 3754 omnes
815 3700 945 3753 editi
984 3699 1301 3752 exhiberent

265 3783 578 3835 Fluit-stim.
624 3779 781 3834 MSS.
842 3780 923 3831 Ph
906 3783 1167 3851 nystc‘mus.
1227 3780 1299 3832 At

264 3861 465 3916 certior
474 3871 663 3913 auctor
692 3859 1005 3912 Arrianus’
992 3877 1047 3911 ιιι
1068 3857 1294 3920 Indicis,

266 3961 389 4014 pag.
410 3939 557 4004 ⁵83,
571 3937 757 3992 stadiis
778 3937 1133 3992 nocuaSitaci
1149 3937 1299 3991 ostiis

264 4038 479 4074 amnem
510 4029 804 4083 memorat,
830 4019 918 4072 cni
938 4035 1137 4070 nomen
1161 4008 1298 4088 apoi-

267 4121 429 4171 τιμις.
474 4055 821 4152 Phirstimutii
868 4098 1031 4169 igitur
1070 4114 1134 4150 ex
1185 4115 1301 4151 am-

428 4209 529 4275 Il.

1361 1398 1516 1529 :lilium
1552 1411 1780 1450 numero
1830 1408 2099 1470 expungat
2133 1397 2385 1456 ortelius.

1416 1495 1552 1530 nn.

1447 1556 1481 1610 3
1494 1573 1516 1608 1
1529 1595 1543 1608 .
1557 1555 1612 1607 F
1607 1556 1764 1608 lamen
1783 1554 1984 1610 Granis.
1998 1556 2176 1610 Doleo.
2183 1557 2238 1609 F
2233 1557 2390 1612 lumen

1368 1634 1602 1689 Granius.
1617 1635 1806 1688 Eo.—
1819 1631 2042 1706 Γρανίδα
2064 1655 2282 1709 quoque
2299 1657 2393 1710 sp·

1362 1713 1528 1786 pellat
1547 1713 1804 1768 Arrianus
1842 1716 1900 1768 i'n
1920 1713 2146 1783 Indicis,
2165 1734 2222 1787 p.
2255 1717 2390 1782 584.
2471 1770 2478 1780 ,

1364 1793 1554 1848 Hann-

1448 1871 1542 1926 32.
1575 1873 1769 1926 Dextra
1813 1874 1933 1944 ejas.
1985 1873 2122 1940 Qun
2168 1875 2308 1929 ortui
2337 1889 2394 1934 et

1362 1963 1545 2006 austro
1573 1946 1848 2024 propiora.
1870 1947 2057 2007 Hun-

1450 2031 1522 2086 33
1532 2070 1545 2084 .
1559 2033 1919 2085 Daimontani.
1935 2033 2018 2084 Ita
2037 2032 2164 2086 libri
2184 2051 2388 2089 omnes.

1367 2109 1655 2164 Salmasius
1693 2123 1871 2164 tamen
1911 2111 2162 2166 infectam
2199 2113 2394 2170 menda

1365 2190 1506 2244 banc
1542 2207 1732 2244 vocem
1773 2203 1956 2268 putat,
1979 2209 2102 2263 pag.
2142 2196 2287 2250 1181
2329 2194 2392 2248 in

1366 2270 1538 2323 Solin.
1555 2269 1808 2340 legitque,
1832 2263 1952 2323 Uxii
1970 2275 2200 2324 montani.
2213 2271 2394 2327 Placet

1365 2351 1686 2421 conjectura
1707 2351 1820 2420 ejus
1839 2363 2170 2403 momentum
2194 2349 2392 2406 addere

1367 2446 1435 2482 ex
1456 2429 1738 2482 Arriano’
1721 2447 1780 2480 ιιι
1806 2427 2041 2496 Indicis,
2070 2429 2268 2493 Uxios.
2289 2435 2390 2486 Οὐ·

1366 2509 1516 2573 ξῖους,
1523 2520 1731 2579 gentem
1745 2508 1998 2562 liberam·
1980 2528 2040 2562 ιιι
2058 2508 2223 2564 Susiis
2237 2529 2398 2582 agno-

1368 2601 1550 2642 scente
1598 2585 1667 2641 ud
1715 2579 1888 2660 Ᾰροσιν
1933 2605 2178 2651 emnem,
2231 2609 2394 2662 quem

1370 2667 1612 2721 Oroatim
1640 2685 1750 2720 esse
1792 2665 2041 2721 diximus,
2077 2669 2396 2723 Strabonem

1369 2765 1588 2819 quoque
1609 2747 1756 2817 juvat
1796 2745 2114 2818 adjungere,
2148 2749 2243 2802 lib.
2265 2749 2396 2814 XV,

1368 2845 1492 2899 pag.
1517 2844 1666 2896 729,
1686 2826 1782 2897 qui
1803 2827 1977 2880 Uxios
1998 2825 2242 2881 Oroatidi
2264 2847 2396 2882 con-

1371 2906 1507 2960 fines
1533 2923 1643 2958 esse
1665 2903 1936 2975 prodidit,
1960 2906 2057 2977 qui
2081 2907 2260 2961 amnis
2294 2908 2397 2960 Su-

1370 2985 1572 3039 sinnam
1600 3002 1631 3037 a
1670 2982 1885 3038 Perside
1928 2983 2276 3040 disterminat.
2319 2988 2398 3041 At

1371 3083 1484 3118 non
1527 3062 1673 3116 idem
1713 3082 1801 3117 me
1848 3064 1950 3116 sibi
1993 3065 2397 3138 suffragatorem

1372 3143 1620 3206 habebit,
1650 3161 1816 3214 quum
1841 3143 2038 3196 flumen
2057 3145 2272 3199 Zarotin
2287 3185 2302 3210 ,
2329 3144 2398 3200 de

1374 3242 1484 3296 quo
1511 3241 1638 3276 mox
1663 3223 1869 3277 Plinius
1895 3219 2002 3284 (sic
2041 3224 2182 3276 enim
2218 3225 2402 3296 legen-

1375 3301 1504 3356 dum
1533 3321 1598 3355 ex
1625 3301 1780 3356 MSS.
1803 3299 1961 3356 codd.
1991 3301 2272 3357 Salmasius
2286 3306 2400 3376 ipse

1377 3382 1598 3454 ognovit
1615 3415 1634 3443 ‚
1671 3401 1782 3434 non
1806 3379 2082 3447 Oroatis),
2119 3381 2258 3436 idem
2288 3403 2400 3438 esse

1380 3460 1697 3516 existimavit
1727 3479 1851 3515 cum
1885 3461 2038 3514 Arosi
2068 3460 2314 3521 Arriani,
2347 3476 2404 3519 et

1382 3541 1572 3595 Oronti
1585 3579 1602 3605 ‚
1625 3540 1694 3594 de
1715 3559 1822 3612 quo
1844 3541 2050 3594 Plinius
2063 3559 2180 3613 cap.
2201 3545 2294 3598 28.
2309 3545 2406 3597 Za·

1379 3621 1515 3676 rotis
1534 3620 1678 3674 enim
1707 3619 2024 3673 novissimus
2049 3632 2128 3674 est
2165 3623 2404 3678 amnium

1382 3719 1570 3754 eorum
1589 3699 1682 3771 qui
1704 3700 1761 3752 in
1779 3699 2050 3752 Persicum
2067 3700 2242 3754 sinum
2264 3700 2408 3756 dela·

1382 3782 1602 3846 buntur,
1611 3779 1668 3832 in
1681 3779 1878 3832 finibus
1891 3779 2128 3833 Susiane
2137 3817 2155 3844 ,
2166 3781 2410 3852 Euphra-

1384 3860 1452 3914 tis
1482 3858 1618 3912 ostio
1663 3859 1938 3930 proximus
1959 3875 1974 3910 :
1999 3858 2212 3913 Oroatis
2245 3862 2324 3914 ibi
2349 3863 2407 3914 in

1385 3935 1637 3992 eumdem
1654 3939 1829 3991 sinum
1843 3936 2022 3990 influit
2036 3977 2053 4004 ,
2073 3939 2216 3993 unde
2232 3941 2410 3995 Susia-

1386 4036 1455 4070 na
1483 4016 1706 4089 incipit,
1731 4037 1762 4070 a
1793 4015 2011 4070 Perside
2051 4037 2116 4070 eo
2144 4038 2300 4075 amne
2327 4019 2410 4074 di-

1388 4109 1574 4152 screta.
1604 4099 1787 4152 Haut).
