2950 5017
1050 459 1372 527 LIBER
1419 460 1508 524 V.

1065 589 1385 725 oppidum
1413 586 1503 674 ¹²,
1556 602 1621 657 et
1680 589 1919 655 iterum
1978 574 2246 675 Jovis¹³‚
2280 612 2360 656 ac

1071 693 1088 717 ¹
1189 694 1462 789 Abydus
1496 748 1515 781 ‚
1585 694 1943 762 Mennonis
2006 695 2185 787 regia
2204 746 2223 778 ,
2296 706 2365 761 et

227 592 505 686 poi-ium.
543 590 712 658 Mox
739 590 1022 657 Veneris

229 696 528 789 Tentyris
577 720 594 761 :
646 694 822 763 infra
879 692 1060 789 quod

2216 452 2359 550 459

233 787 511 871 Osiris-,¹⁵
549 797 805 894 templo
849 799 1206 894 inclytum,
1263 824 1366 869 vn
1402 824 1483 869 Μ.
1524 822 1738 869 ccccc
1772 824 2089 894 passuum
2141 801 2208 867 in
2252 800 2364 868 Li-

235 892 490 1001 byam¹⁶
540 920 874 975 remotum
921 930 960 975 a
1005 906 1295 975 flumine.
1333 908 1539 975 Dein
1596 903 2005 975 Ptolemais¹⁷
2036 954 2057 989 ,
2132 918 2201 973 et
2238 907 2360 973 Pa·
2400 932 2431 963 α

239 1011 494 1109 nopolis
512 998 560 1037 ¹⁸
579 1062 602 1095 ‚
637 1035 718 1081 ac
749 1013 1030 1081 Veneris
1069 1014 1328 1082 iterum.
1379 1014 1467 1081 Et
1504 1012 1575 1080 in
1608 1010 1859 1105 Libyco
1881 1010 1929 1049 ¹⁹
1952 1014 2182 1104 Lycon
2196 1062 2216 1097 ,
2248 1011 2367 1079 ubi

307 1270 402 1304 ιιι.
429 1250 562 1303 Mos
589 1250 806 1303 Veneris.
835 1248 978 1304 Illud
999 1250 1262 1321 ipsum,a

240 1350 335 1403 quo
349 1328 849 1401 Aphroditopolites
867 1347 1260 1383 nomosnomen

239 1410 416 1476 habet,
437 1408 512 1463 de
533 1428 644 1481 quo
665 1427 712 1462 o.
739 1428 793 1477 9.
815 1408 1263 1462 Iliam—Dicta

240 1507 446 1561 quoqne
493 1501 573 1541 est
602 1486 1068 1559 Aphroditopolis,
1117 1506 1264 1541 nuno

245 1570 458 1639 Adoreu-

317 1650 406 1702 ι3.
439 1648 520 1699 Ee
541 1650 714 1699 iter-mn
725 1646 879 1699 lovis.
900 1646 1022 1701 Hoc
1047 1658 1147 1710 est,
1161 1644 1264 1698 alia

242 1726 500 1797 Diospolis
517 1744 534 1778 ε
558 1728 667 1787 Διὸς
680 1728 816 1788 mm
841 1726 989 1797 μικρὰ
1003 1764 1020 1791 ,
1037 1725 1264 1778 Ptolem.

243 1806 324 1859 lib,
339 1807 506 1873 1V,c.
534 1805 588 1859 5.
610 1806 881 1877 Diospolis
902 1822 1093 1876 parva,
1111 1824 1140 1856 a
1160 1823 1266 1875 qua

243 1885 598 1956 Diospoliticae
610 1886 942 1955 praefecturis
954 1903 1080 1937 nom
1086 1902 1153 1936 en
1166 1921 1182 1949 ,
1197 1882 1266 1935 de

245 1982 336 2035 qua
355 1984 474 2037 cap.
503 1983 560 2031 9.
585 1964 836 2016 Proxima
859 1965 909 2016 ei
931 1976 1008 2016 est
1021 1964 1265 2033 Τέντυρα,

245 2042 372 2096 unde
381 2043 698 2113 Tentyrites
709 2062 900 2096 nomos
912 2042 1083 2097 dictus
1096 2063 1108 2093 :
1129 2055 1267 2096 utra-

247 2140 338 2192 que
357 2124 556 2177 Africa
581 2122 775 2186 latere,
813 2123 921 2176 sive
959 2122 1028 2176 ad
1051 2122 1165 2176 Nili
1189 2122 1265 2173 ri·

243 2218 356 2270 pam
378 2201 766 2256 occidentalem
791 2202 962 2273 posita
976 2242 993 2265 ,
1023 2201 1082 2253 in
1119 2202 1266 2254 The·

245 2279 402 2335 baide.
422 2284 669 2353 Tentyra
689 2298 868 2335 versus
909 2292 1147 2334 austrum
1181 2298 1267 2332 re·

245 2358 376 2413 eedit
416 2382 448 2414 a
493 2359 740 2433 Diospoli
785 2378 850 2414 nt.
902 2378 956 2414 r.
1004 2378 1158 2413 xxvu
1201 2378 1268 2412 ex

247 2440 535 2492 Antonino.
546 2439 817 2512 Diospolis
828 2458 1039 2493 rursum
1048 2441 1116 2493 ab
1128 2439 1270 2509 Aby-

248 2515 419 2581 do,de
457 2538 568 2591 qua
595 2538 750 2577 mox,
781 2536 848 2572 ιι.
876 2538 927 2571 ι».
955 2536 1152 2571 xxvxu.
1194 2518 1264 2569 H.

245 2598 422 2651 —Est
443 2598 723 2669 Diospolis
753 2616 937 2669 parva,
952 2616 1094 2649 nunc
1117 2598 1233 2649 Hou
1245 2618 1267 2659 ‚-

247 2674 512 2750 Tentyris,
555 2695 708 2729 nunc
741 2676 981 2729 Dendera.

324 2765 410 2821 14.
437 2759 586 2825 Infra
617 2755 762 2827 quod.
797 2757 944 2809 Infra
967 2754 1264 2827 Diospolim

246 2846 294 2885 et
309 2835 602 2907 Tentyram
614 2875 631 2901 ,
648 2834 878 2889 secundo
897 2836 1006 2888 Nili
1024 2834 1268 2900 flumine,

248 2914 468 2986 Egypto
483 2955 502 2979 ,
529 2913 682 2988 quod
711 2909 870 2967 Delta
893 2926 1114 2975 vocant,
1136 2932 1264 2984 pro-

247 2990 378 3061 pius.
401 2992 640 3066 Abydon
673 3012 865 3065 porro,
895 2982 1089 3047 Aeuom
1108 3032 1125 3059 ,
1151 2992 1267 3045 Me·

249 3074 448 3126 iunonis
469 3074 616 3145 regia
633 3086 686 3127 et
710 3072 937 3127 Osiridis
957 3074 1082 3127 fano
1105 3073 1270 3142 incly-

248 3162 353 3203 tum
381 3153 570 3218 fuisse,
612 3150 774 3205 tradit
800 3171 1014 3224 quoque
1043 3152 1270 3217 Strabo,

247 3227 335 3282 lib.
361 3232 528 3284 XVII
545 3271 560 3299 ,
592 3250 714 3303 pag.
759 3232 903 3299 813,
928 3244 981 3284 et
1020 3232 1234 3285 Solinus
1253 3269 1269 3297 ,

247 3324 356 3379 esp.
383 3328 572 3376 xxxn,
598 3330 717 3381 pag.
749 3314 842 3364 61.
871 3310 977 3365 Sed
1015 3311 1272 3363 Mennonis

247 3386 344 3458 legi
381 3390 472 3444 hie
511 3402 790 3461 oportere,
832 3410 940 3443 non
966 3390 1236 3442 Memnonis
1251 3430 1269 3455 ‚

249 3482 570 3541 quamquam
593 3469 670 3523 sic
691 3470 895 3523 babent
904 3468 1162 3523 editiones
1181 3488 1271 3522 ve·

247 3556 420 3612 ωε,
442 3548 686 3602 dicemus
709 3547 778 3601 ad
797 3550 998 3601 librum
1018 3550 1099 3601 vl
1114 3590 1131 3616 ,
1150 3568 1270 3619 cap.

252 3624 340 3677 35.
371 3628 559 3681 Ham).
580 3627 902 3699 —Abydus
927 3628 1081 3695 urbs,
1122 3646 1272 3682 nnnc

246 3704 484 3770 eI·Berbae‘,
509 3704 574 3759 id
600 3720 706 3773 est,
736 3708 782 3759 le
808 3708 1019 3779 Temple.

328 3784 410 3837 15.
445 3787 527 3838 Ee
547 3786 723 3839 Osiris.
745 3786 911 3839 Osiris
933 3805 1092 3858 quem
1107 3790 1272 3859 AEgy-

248 3862 340 3933 ptii
376 3865 602 3929 colunt,
649 3866 920 3918 Bacchum
952 3884 1064 3919 esse
1093 3868 1273 3931 aiunt,

245 3941 418 4013 inquit
443 3945 650 3997 Herod.
690 3946 953 4015 Euterpe,
975 3946 1072 3998 lib.
1091 3946 1176 4013 11,
1216 3966 1272 4000 n.

255 4024 349 4086 42,
373 4040 497 4095 pag.
534 4026 668 4076 106.
697 4022 879 4077 Hmn.

331 4106 420 4154 16.
463 4104 532 4155 Iu
571 4103 792 4157 fibram.
827 4105 892 4155 In
929 4122 1044 4156 eam
1087 4104 1276 4159 Africae

1345 1262 1547 1322 partem
1561 1289 1575 1314 ‚
1596 1267 1757 1321 quam
1772 1248 1968 1321 Libyes
1980 1250 2216 1322 AEgyptii
2230 1250 2369 1303 ohti-

1345 1342 1491 1383 nent.
1520 1330 1703 1383 Hnm.

1432 1427 1525 1480 17.
1563 1409 1693 1461 Dein
1732 1408 2013 1461 Ptolemais.
2056 1408 2138 1460 Ab
2180 1406 2373 1479 Abydo

1344 1506 1528 1542 versus
1586 1488 2017 1561 septemtrionem
2043 1525 2060 1553 ,
2114 1502 2168 1539 et
2219 1488 2375 1541 Delta

1347 1568 1719 1639 AEgyptiaeum
1748 1567 2047 1639 refugiens,
2075 1585 2140 1619 u.
2183 1586 2233 1619 r.
2257 1586 2374 1620 xxn

1347 1647 1537 1701 eodem
1566 1646 1757 1699 Africae
1778 1646 1940 1699 latere
1957 1686 1973 1714 ,
1992 1646 2048 1697 in
2073 1644 2371 1711 Thebaide,

1347 1725 1493 1799 apud
1517 1726 1773 1779 Antonin.
1798 1726 1944 1777 Urbs
1961 1723 2107 1777 haud
2132 1725 2374 1797 Memphi

1346 1806 1551 1869 minor,
1574 1818 1703 1858 teste
1729 1804 2019 1870 Strabone,
2049 1803 2169 1857 loco
2193 1805 2373 1859 citam.

1348 1885 1538 1939 Haeo.
1569 1916 1650 1929 —-
1669 1884 1828 1938 Nune
1850 1897 2073 1937 vocatur
2102 1884 2374 1937 Memsloiet·

1349 1966 1398 2017 el
1405 1995 1427 2006 -
1441 1964 1595 2017 Νὲᾰέ.

1437 2045 1528 2097 18.
1579 2044 1655 2095 Et
1695 2042 1977 2113 Panopolis.
2008 2041 2139 2095 Haec
2182 2040 2373 2095 eodem

1349 2120 1539 2176 ordine
1575 2123 1799 2187 Strabo,
1828 2123 1947 2175 loco
1974 2123 2135 2179 citato
2160 2140 2173 2174 :
2194 2126 2372 2177 Ποινῶν

1347 2203 1515 2266 πόλις,
1536 2204 1619 2256 καὶ
1649 2194 1946 2273 ἀφροδίτης,
1964 2201 2050 2254 καὶ
2074 2202 2246 2254 Λύκων
2281 2202 2375 2255 πό-

1347 2290 1441 2343 λις.
1474 2282 1591 2333 Hoc
1630 2277 1857 2335 Veneris
1884 2280 2177 2351 oppidum,
2206 2283 2377 2335 multo

1352 2360 1517 2433 ma‘gis
1528 2360 1598 2413 ad
1618 2362 1843 2414 Boream
1867 2372 1918 2412 et
1938 2362 2093 2413 Delta
2110 2360 2378 2432 AEgyptia·

1353 2460 1478 2493 cum
1524 2438 1752 2506 accedit,
1790 2458 1953 2511 quam
1990 2438 2374 2511 supradictum.

1353 2522 1432 2572 De
1457 2520 1716 2592 Panopoli
1736 2516 1966 2572 diximus
1987 2538 2106 2589 cap.
2127 2536 2178 2591 9.
2202 2520 2378 2591 Lupo-

1350 2618 1470 2651 rum
1502 2600 1693 2651 urbem
1716 2599 1773 2651 in
1797 2596 2071 2651 Thebaide
2088 2597 2281 2651 Africae
2305 2598 2378 2649 la·

1352 2692 1464 2731 tere
1478 2678 1702 2731 collocat
1718 2678 1971 2732 Antonin.
1999 2698 2030 2731 a
2052 2674 2377 2730 Ptolemaide

1353 2776 1495 2810 mun
1528 2776 1591 2810 u.
1625 2777 1675 2810 r.
1717 2758 1801 2810 Ab
1843 2757 1925 2809 his
1964 2754 2181 2829 oppidis
2226 2757 2378 2809 nomi

1349 2837 1692 2909 Lycopolites
1703 2877 1717 2901 ,
1732 2836 2067 2909 Panopolites
2087 2848 2140 2888 et
2159 2835 2380 2905 Aphro·

1351 2915 1658 2988 ditopolites
1670 2958 1687 2981 ,
1702 2935 1897 2968 nomen
1910 2932 2177 2986 accepere.
2192 2912 2379 2967 Hum.

1352 3026 1433 3036 —
1471 2996 1757 3066 Panopolis
1776 3032 1792 3059 ,
1834 3013 1980 3047 nunc
2007 2994 2221 3048 Aklmu'n
2237 3034 2253 3058 ,
2283 2994 2379 3047 ubi

1351 3076 1519 3128 multa
1532 3086 1655 3127 sunt
1680 3073 2001 3146 antiquitatis
2016 3086 2378 3127 monumenta.

1355 3154 1533 3207 Altera
1576 3166 1751 3206 autem
1792 3152 1909 3205 hoec
1952 3154 2177 3206 Veneris
2220 3154 2381 3219 urbs,

1355 3230 1495 3287 dicta
1530 3250 1743 3306 quoque
1790 3230 2259 3303 Aphroditopolis,
2285 3251 2379 3303 pe·

1355 3313 1501 3365 nitus
1530 3313 1711 3383 periit.
1738 3312 1866 3365 Fuit
1896 3316 2032 3365 ultra
2057 3313 2264 3384 Lycum
2294 3330 2381 3364 oa·

1355 3394 1552 3446 nalem.
1575 3394 1744 3447 Bnor.

1446 3490 1469 3524 ι
1484 3490 1537 3541 9.
1560 3472 1621 3523 In
1636 3470 1832 3537 Libyen.
1850 3470 1895 3521 A
1914 3468 2024 3522 Nili
2037 3469 2242 3533 fissura,
2258 3488 2381 3541 quae

1359 3550 1514 3605 Delta
1532 3549 1724 3614 efficit,
1743 3566 1910 3619 usque
1929 3548 1995 3603 ad
2016 3549 2147 3601 fines
2159 3548 2385 3602 Thebai·

1358 3629 1440 3684 dis
1456 3669 1473 3694 ‚
1498 3626 1763 3703 quidquid
1786 3640 2044 3681 terrarum
2076 3630 2380 3699 interjacet,

1361 3710 1743 3780 comprehensa
1755 3708 1913 3761 etiam
1934 3708 2147 3778 regione
2161 3708 2385 3759 Alexan·

1361 3788 1491 3842 driae
1506 3803 1559 3842 et
1572 3787 1857 3842 Mareotidi
1872 3788 2115 3859 proxima
2127 3826 2142 3847 ‚
2160 3786 2386 3856 Libyam

1361 3868 1735 3940 appellabant:
1759 3864 1904 3938 quod
1934 3865 2152 3920 adverso
2182 3866 2291 3920 Nili
2310 3866 2386 3917 la-

1364 3960 1501 4015 tere,
1522 3948 1791 4001 Arabiam.
1823 3946 2011 4001 Strabo
2026 3986 2040 4007 ‚
2068 3946 2164 3999 lib.
2185 3944 2347 3997 XVII
2366 3980 2383 4006 ,

1364 4046 1487 4099 pag.
1520 4028 1650 4081 806.
1692 4028 1873 4079 Hsnn.
1893 4060 1973 4069 —
2003 4027 2219 4097 Lycon,
2243 4041 2388 4079 nunc

1366 4106 1551 4159 Sioutla.
