2950 5017
540 418 637 490 68
1063 424 1141 491 C.
1200 425 1544 491 PL1N11
1601 423 1821 492 NAT.
1879 424 2139 491 HIST.

532 569 669 623 tam
706 553 915 648 aprici
947 551 1148 623 colles
1172 606 1192 639 ,
1235 569 1372 623 tam
1416 555 1667 623 innoxii
1693 553 1930 641 saltuS,
1959 569 2094 623 tam
2128 578 2338 649 opaca
2371 566 2692 639 nemora,

530 674 668 728 tam
706 660 1020 729 munifica
1075 659 1385 729 silvarum
1425 685 1706 756 genera,
1765 675 1867 731 tot
1922 663 2249 731 montium
2267 660 2318 699 ¹⁹
2372 662 2686 747 afflatus,

528 780 712 835 tanta
754 766 1022 860 frugum
1051 782 1119 836 et
1153 768 1421 855 vitium,
1461 766 1892 861 olearumque
1922 766 2256 856 fertilitas,
2297 782 2433 837 tam
2481 769 2686 838 nobi-

528 870 615 941 lia
646 874 867 967 pecori
887 871 936 897 ²⁰
985 872 1231 943 vellera
1258 924 1277 955 ‚
1321 873 1488 943 tot²⁸
1536 876 1762 969 opima
1797 876 2003 943 tauris
2065 874 2267 959 colla,
2307 888 2410 943 tot
2452 872 2686 959 laem,

526 994 629 1048 tot
654 980 950 1048 amnium
980 978 1395 1075 fontiumque
1459 982 1727 1050 ubertas
1748 1034 1768 1067 ,
1807 994 2018 1049 totam
2063 1005 2208 1049 eam
2247 980 2689 1076 perfundenS,

528 1100 629 1153 tot
699 1088 946 1168 maria,
1025 1102 1259 1182 portus
1282 1140 1302 1170 ,
1357 1090 1818 1182 gremiumque
1868 1103 2199 1156 terrarum
2275 1088 2688 1157 commercio

526 1190 824 1286 patens-»²²
862 1192 1193 1287 undique:
1226 1208 1293 1262 et
1330 1208 1646 1289 tanquam
1681 1194 1763 1263 ad
1793 1192 2128 1287 juvandos
2159 1192 2509 1281 mortales,
2539 1196 2686 1289 ipsa

526 1299 717 1368 avide
752 1301 819 1368 in
856 1300 1064 1370 maria
1112 1324 1534 1395 procurrens.
1581 1299 1817 1394 Neque
1869 1302 2165 1395 ingenia,
2218 1302 2549 1395 ritusque,
2603 1324 2690 1369 ae

525 1406 706 1475 viros
727 1390 800 1491 ²³,
836 1420 904 1474 et
942 1406 1165 1501 lingua
1194 1422 1529 1501 manuque
1557 1421 1899 1503 superatas
1935 1430 2393 1476 commemoro
2418 1422 2679 1502 gentes.

524 1514 664 1605 Ipsi
711 1512 795 1581 de
849 1538 927 1581 ea
962 1512 1357 1607 judicavere
1402 1514 1660 1598 Graeei,
1699 1533 1908 1608 genus
1963 1515 2032 1581 in
2071 1511 2347 1607 gloriam
2411 1536 2598 1582 suam
2633 1500 2692 1543 ²⁴

524 1618 1027 1705 effusissimum,
1056 1634 1328 1714 quotam
1376 1638 1633 1716 partem
1673 1640 1759 1689 ex
1793 1642 1874 1689 ea
1911 1619 2308 1715 appellando
2349 1622 2690 1689 Graeciam

523 1750 855 1821 magnam.
900 1727 1237 1795 Nimirum
1272 1726 1339 1795 id
1362 1780 1381 1811 ,
1423 1725 1603 1821 quod
1664 1728 1733 1795 in
1779 1729 2112 1796 mentione
2153 1724 2294 1795 caeli
2356 1724 2638 1796 fecimus
2666 1780 2688 1805 ‚

524 1830 651 1900 hac
694 1857 959 1927 quoque
996 1834 1063 1900 in
1106 1847 1296 1927 parte
1350 1832 1730 1902 faciendum
1763 1848 1899 1913 est,
1941 1848 2016 1902 ut
2059 1832 2378 1927 quasdam
2416 1847 2614 1902 notas
2636 1819 2692 1857 '⁵

525 1923 657 2006 ac²⁶
698 1960 912 2033 pauca
956 1938 1171 2008 sidera
1212 1940 1636 2034 attingamus.
1677 1941 2004 2034 Legentes
2061 1954 2319 2009 tantum
2350 1991 2370 2024 ,
2435 1964 2697 2033 quaeSO,

525 2047 983 2128 meminerint,
1010 2044 1096 2114 ad
1132 2044 1395 2141 singula
1421 2059 1578 2114 toto'
1609 2046 1774 2115 orbe
1811 2045 2232 2115 edisserenda
2261 2046 2578 2115 festinari.

638 2150 810 2220 Est²⁷
856 2177 1019 2246 ergo
1058 2151 1217 2221 folio
1258 2152 1545 2221 maxime
1569 2176 1826 2246 querno
1855 2151 2233 2237 assimilata,
2277 2152 2490 2221 multo
2523 2178 2696 2247 pro-

412 2344 423 2355 .
529 2259 803 2330 ceritate
858 2256 1179 2353 amplior,
1217 2284 1418 2353 quam
1461 2257 1812 2327 latitudine
1857 2284 1871 2326 ε
1917 2260 1985 2327 in
2023 2244 2254 2328 laeva²⁸
2295 2284 2364 2327 se
2409 2260 2694 2329 flectens

1651 2460 1736 2513 cio
1795 2460 1944 2513 orbis
1998 2458 2438 2515 accommodatas.
2497 2460 2692 2515 Hann.

1732 2540 1824 2593 23.
1858 2542 1942 2593 Ac
1969 2544 2120 2593 vitm.
2150 2542 2366 2593 Rectius
2395 2541 2573 2593 forsan
2609 2545 2696 2593 vi-

621 2480 706 2533 ¹9·
736 2460 976 2513 Montium
996 2460 1214 2533 afflatus.
1236 2448 1402 2515 'Venti
1418 2500 1434 2526 ,
1462 2462 1564 2533 spi·

530 2542 869 2612 rationesque
887 2542 1087 2595 emissae
1108 2560 1139 2593 e
1160 2542 1451 2605 montibus,
1466 2560 1564 2593 au-

532 2640 591 2674 ra
623 2622 713 2673 illa
751 2619 996 2685 odorata,
1032 2640 1150 2692 quae
1174 2640 1274 2693 per
1298 2621 1562 2673 montium

530 2702 697 2754 latera
712 2738 728 2763 ‚
752 2720 814 2754 ex
840 2701 987 2753 omni
1019 2701 1235 2773 frugum
1258 2700 1566 2772 florumque

532 2800 727 2851 genere
748 2779 1073 2835 descendens
1088 2821 1103 2845 ,
1126 2794 1296 2835 totum
1318 2780 1490 2833 inficit
1506 2798 1565 2833 ac

533 2860 815 2932 perfundit
844 2878 1036 2914 aerem.
1052 2860 1140 2913 Sic
1164 2861 1367 2925 Plinius
1386 2873 1569 2913 noster

1651 2639 1724 2671 res
1752 2638 2032 2691 agnoscas,
2067 2638 2132 2673 ex
2172 2622 2514 2691 sequentibus
2552 2621 2697 2685 illis,

1649 2711 1702 2831 ἒ
1743 2700 1914 2769 lingua
1941 2719 2174 2771 mareque
2215 2714 2464 2770 superatas
2496 2712 2694 2771 gentes.

1705 2798 1832 2832 san.

1737 2865 1830 2922 ²4·
1852 2858 2022 2913 Suam.
2046 2858 2231 2913 Chiffl.
2247 2862 2342 2911 sui.
2363 2857 2469 2911 En.

536 2938 605 2992 de
644 2940 895 3013 Polypo,
922 2941 1016 2993 lib.
1052 2942 1159 3005 Ix,
1188 2960 1305 3011 cap.
1352 2941 1457 3005 48,
1491 2945 1522 3002 4
1550 2956 1564 2991 :

546 3045 569 3067 ιι
592 3018 791 3073 Afflatu
818 3020 1024 3072 terribli
1048 3038 1203 3075 canes
1225 3021 1425 3091 agebat.
1451 3045 1473 3065 ι
1496 3021 1567 3072 Et

535 3099 754 3163 sanior,
770 3100 864 3152 lib.
885 3101 959 3163 V,
988 3102 1089 3171 Ep.
1112 3104 1144 3152 6
1159 3137 1176 3164 ,
1208 3116 1230 3139 ·
1248 3099 1566 3153 Triclinium

538 3178 919 3231 saluberimum
936 3178 1175 3249 afflatum
1193 3198 1259 3231 ex
1273 3179 1570 3250 Apenninia

538 3258 782 3312 vallibus.
806 3285 827 3305 ι
855 3259 1139 3333 Salmasius
1159 3261 1568 3322 tamen,ma1·a‘um

540 3341 741 3410 afflatus
749 3340 996 3392 emendat
1008 3357 1023 3391 :
1038 3337 1262 3409 perinde
1274 3357 1335 3391 ac
1346 3339 1393 3391 ei
1408 3339 1571 3390 maris

540 3418 750 3473 afflatus
766 3432 857 3471 aut
880 3420 1103 3472 salubris
1116 3437 1326 3490 semper
1340 3456 1357 3483 ,
1374 3430 1469 3471 aut
1485 3420 1571 3489 ju-

541 3498 750 3552 cundus
770 3499 853 3551 sit.
879 3500 1063 3551 Hum.

628 3598 711 3631 πο.
746 3579 935 3633 Ρσσονὶ.
956 3578 1139 3633 Chiffl.
1158 3578 1352 3649 pecudi.
1385 3580 1492 3631 En.

626 3676 716 3711 π.
749 3659 847 3711 Tot
867 3662 1042 3729 opima.
1076 3660 1197 3710 Vet.
1225 3656 1368 3730 apud
1390 3658 1570 3711 Dalec.

543 3750 641 3790 tam
670 3742 845 3808 opima.
880 3740 987 3790 En.

625 3838 715 3871 2².
772 3818 1067 3871 Commu-cio
1109 3830 1283 3887 patens
1342 3820 1569 3889 undique.

539 3896 709 3950 Solini
750 3896 1112 3969 paraphrasis,
1156 3916 1275 3967 cap.
1320 3898 1406 3960 11,
1445 3916 1570 3968 pag.

546 3994 665 4031 12-:
729 4003 752 4025 ι
785 3978 972 4030 Latem
1023 3990 1308 4047 portuosa,
1343 3996 1568 4048 orasque

535 4055 695 4111 habet
720 4058 1023 4129 patentibus
1042 4057 1287 4127 gremiis,
1302 4075 1566 4111 commer-

1734 2940 1828 2992 25.
1877 2939 2037 2992 Notas
2079 2958 2139 2991 ac
2174 2958 2354 3009 pauca.
2389 2939 2516 2992 Vet.
2541 2938 2700 3010 apud

1655 3020 1960 3090 Dalecamp.
1977 3020 2138 3073 Notas
2156 3020 2323 3071 stellas
2343 3040 2409 3071 ac
2425 3038 2594 3089 pauca
2622 3026 2696 3071 si-

1653 3099 1786 3151 dem.
1819 3100 1924 3151 En.

1741 3197 1767 3230 α
1778 3182 1832 3233 6.
1847 3180 2108 3249 Acpauca.
2126 3176 2374 3231 chifflet
2382 3197 2558 3248 pauca.
2578 3180 2694 3232 En.

1741 3277 1831 3329 ²7·
1861 3258 1960 3311 Est
1987 3277 2123 3329 ergo.
2153 3258 2369 3311 Solinus
2386 3258 2500 3311 hoc
2523 3276 2552 3309 a
2583 3258 2702 3311 Pii.

1654 3335 1755 3389 nio
1775 3351 2071 3403 mutuatus,
2101 3357 2214 3409 cap.
2233 3339 2320 3403 11,
2347 3356 2468 3409 pag.
2493 3338 2585 3390 13.
2619 3338 2695 3391 H.

1740 3419 1831 3471 28.
1859 3419 1920 3469 ln
1945 3418 2084 3471 loeva.
2102 3419 2226 3471 Vet.
2253 3415 2398 3489 apud
2423 3417 2606 3470 Dalec.
2643 3422 2702 3471 in

1656 3498 1792 3550 loevo.
1824 3498 1928 3550 En.
1957 3532 2041 3541 —
2069 3499 2190 3563 Qua
2230 3496 2404 3551 tendit
2443 3496 2512 3549 ad
2559 3506 2698 3568 pro·-

1657 3577 1986 3631 montorium
2007 3578 2318 3649 Iapygiam,
2347 3590 2400 3631 et
2427 3575 2698 3649 Hydrun-

1656 3656 1821 3709 ticum
1841 3676 2028 3727 agrum
2045 3697 2061 3722 ‚
2083 3676 2228 3714 nunc
2268 3659 2420 3710 Terra
2433 3658 2699 3711 woman-

1659 3749 1740 3800 to,
1768 3738 1964 3801 Italia,
1987 3755 2169 3791 versus
2195 3739 2410 3791 Ionium
2433 3756 2606 3801 mare,
2643 3752 2702 3792 et

1655 3817 1880 3888 Epirum
1892 3856 1906 3877 ,
1921 3818 2170 3870 ultimum
2183 3834 2454 3873 cacumen.
2470 3818 2700 3888 Capella

1655 3916 1904 3968 quoque,
1930 3898 2024 3951 lib.
2045 3898 2244 3968 v1‚·p.
2271 3897 2412 3963 205,
2439 3897 2554 3951 hac
2577 3898 2698 3969 ipen

1659 3977 1810 4029 Plinii
1842 3991 2087 4047 repetem
2101 4016 2117 4044 ,
2139 3979 2414 4031 Loevorsum
2431 3998 2482 4029 se
2491 3978 2690 4047 flectit,

1653 4057 1845 4127 inquit.
1874 4057 2059 4111 Ham).
