2950 5017
1127 433 1435 502 LIBER
1487 435 1619 502 VI.
2306 432 2434 526 731

301 565 545 657 ignotis
562 550 633 634 ³⁸.
662 564 859 634 Ultra
898 551 1141 635 sinus-»³⁹
1177 563 1488 635 Abulites.
1533 550 1826 634 Insula⁴⁰
1862 563 2178 650 Diodori,
2211 579 2281 633 et
2305 564 2449 634 aliae

302 670 610 740 desertoe:
639 695 759 766 per
790 673 1239 740 continentem
1268 695 1532 766 quoque
1559 669 1854 740 deserta:
1882 669 2203 765 oppidum
2231 673 2450 757 Gaza,

302 779 838 871 promontorium
876 793 943 847 et
976 792 1213 873 portus
1232 764 1281 808 ⁴¹
1310 775 1750 871 Mossylicus‚
1785 801 1918 870 quo
1954 778 2448 846 cinnamomum

301 882 674 953 devehitur.
719 878 933 954 Huc⁴²
982 908 1193 978 usque
1230 885 1546 954 Sesostris
1587 885 1951 952 exercitum
1989 882 2200 952 duxit.

408 987 863 1083 Aliquiunum
885 989 1243 1083 AEthiopiae
1268 989 1590 1084 oppidum
1623 988 1798 1058 ultra
1833 1002 2096 1083 ponunt
2123 990 2193 1056 in
2228 985 2450 1058 littore
2487 1000 2520 1050 6

299 1097 657 1188 Baragaza.
702 1099 761 1164 A
804 1081 1221 1190 Mossylico⁴³
1262 1097 1726 1191 promontorio
1759 1093 2161 1164 Atlanticum
2179 1081 2230 1125 ⁴⁴
2267 1118 2454 1163 mare

302 1200 597 1295 incipere
633 1200 783 1270 vult
816 1202 1280 1298 Juba,praeter
1306 1203 1746 1272 Mauritanias
1782 1225 1935 1272 suas
1966 1201 2212 1270 Gadeis
2245 1225 2456 1295 usque

300 1306 755 1402 navigandum
820 1311 1025 1378 Coro.
1079 1309 1291 1403 Cujus
1304 1293 1354 1339 ⁴⁵
1410 1321 1555 1378 tota
1611 1309 1941 1378 sententia
1987 1307 2121 1377 hoc
2176 1308 2249 1375 in
2299 1307 2452 1378 loco

387 1507 481 1561 38.
506 1508 713 1576 Ignotis.
739 1509 863 1562 'Vet-
888 1527 978 1580 ap.
1006 1499 1187 1562 DaIec.
1203 1512 1338 1561 iaco-

298 1589 475 1657 gmiee‘s.
508 1589 615 1642 En.

388 1665 481 1736 39.
511 1665 659 1719 Sinus
697 1667 940 1721 Abulites.
972 1667 1130 1722 Ultra
1157 1668 1337 1721 fauces

300 1745 449 1798 sinus
474 1747 691 1800 Arabici
714 1745 861 1801 idem
888 1748 1137 1808 Δῦαλὶτης
1158 1748 1336 1809 κόλπος

303 1825 615 1896 Stephano,
642 1839 698 1879 et
734 1827 1057 1892 Ptolemaeo,
1089 1827 1187 1880 lib.
1222 1827 1337 1892 IV,

303 1923 425 1974 cap.
458 1924 513 1975 7.
536 1907 721 1958 num.

390 1991 478 2048 4ο.
510 1985 679 2037 Insula
708 1983 940 2038 De’odon‘.
990 1986 1057 2037 In
1101 1984 1335 2038 Arabico

300 2063 427 2118 sinu
452 2083 485 2116 a
510 2063 797 2116 Ptolemaeo
816 2063 1085 2127 statuitur,
1117 2065 1212 2117 lib.
1236 2065 1339 2128 IV,

303 2162 423 2215 cap.
445 2145 479 2198 8
496 2183 513 2209 ,
542 2139 789 2214 Διοδώρου
836 2150 1001 2205 νῆσος.
1045 2143 1230 2196 ΗΑιιῠ.
1258 2175 1338 2186 -—

302 2223 495 2287 Nune,
546 2235 607 2276 ut
659 2235 877 2276 censent
928 2221 1239 2276 n'Anvunn
1284 2234 1341 2276 et

304 2302 613 2357 Gommn
630 2339 647 2366 ,
677 2300 741 2354 fle
769 2303 853 2354 des
877 2302 1136 2374 anfais.
1152 2305 1257 2356 En.

391 2387 483 2444 41.
512 2382 694 2433 Portus
726 2381 1035 2444 Mossylicus.
1080 2383 1202 2434 Vct.
1248 2401 1337 2453 ap.

303 2461 485 2514 Dalec.
492 2473 663 2530 pot-eccs
678 2461 966 2524 Cos-fflicus.
982 2463 1159 2515 Dalec.
1168 2475 1341 2532 portus

302 2541 605 2602 Mossylites.
618 2541 726 2593 En.
737 2571 819 2582 —-
834 2542 1061 2594 Μόσυλον
1087 2559 1336 2612 promon-

303 2621 507 2674 torium
533 2619 821 2673 Ptolemaeo
838 2657 857 2684 ‚
879 2621 974 2672 lib.
997 2622 1079 2674 lv
1094 2658 1113 2685 ,
1140 2637 1257 2691 cap.
1287 2643 1337 2688 7.

303 2700 650 2752 cinnamomi
743 2699 1016 2769 Mossyliei
1096 2701 1340 2754 meminit

302 2779 583 2850 Theophr.
613 2779 751 2832 Hist.
780 2779 875 2832 lib.
900 2780 1012 2844 lx,
1036 2797 1155 2850 cap.
1192 2779 1243 2833 5.
1267 2778 1339 2834 H.

302 2890 391 2902 -—
428 2857 809 2912 Promontorio
832 2877 1031 2912 nomen
1057 2858 1221 2912 hodie
1246 2879 1339 2928 cap

304 2938 369 2990 de
390 2937 524 2990 Mate
538 2975 552 2996 .
576 2950 763 3009 portus
784 2949 963 2991 autem
988 2939 1141 3009 parvi
1163 2938 1341 2991 flumi-

302 3017 391 3070 nis
419 3035 569 3071 nunc
586 3016 712 3070 Scis!
726 3017 838 3070 sive
850 3017 973 3070 Soal
994 3016 1126 3071 dicti
1142 3019 1341 3071 ostium

304 3096 470 3152 fuisse
496 3097 729 3150 videtur.
754 3097 861 3150 En.

391 3181 487 3238 4²·
523 3176 811 3247 Hucusque
841 3174 1087 3228 Sesostris.
1122 3176 1194 3228 Et
1226 3195 1340 3230 aras

310 3255 421 3319 ibi,
452 3255 792 3308 columnasve
823 3256 1049 3321 struxit,
1094 3271 1191 3308 ceu
1222 3274 1340 3309 mo·

310 3347 567 3388 numento
634 3332 876 3406 quaedam
933 3333 1338 3405 expeditionum

306 3432 541 3467 suarum.
582 3414 776 3467 Strabo
793 3453 809 3481 ,
845 3413 941 3468 lib.
982 3415 1148 3466 XVII
1167 3452 1184 3481 ,
1216 3433 1339 3486 pag.

311 3512 344 3564 7
352 3511 446 3564 9⁰·
472 3495 659 3547 Hnm.

389 3572 484 3638 43.
532 3573 587 3624 Α
626 3573 907 3644 Mossylico.
952 3573 1261 3645 Daleeamp.
1307 3593 1341 3625 a

307 3651 577 3723 Mosqliee.
608 3653 792 3705 Refert
810 3653 925 3705 haec
954 3669 1171 3724 quoque
1199 3653 1338 3706 Soli·

304 3750 436 3796 nus,
460 3749 577 3802 cap.
604 3749 725 3795 ur,
743 3749 801 3802 p.
834 3733 927 3801 87.
956 3749 1023 3784 ex
1044 3733 1204 3786 Juba.
1228 3735 1335 3787 En.

388 3817 479 3874 44.
512 3810 821 3864 Atlanticum
866 3831 1013 3864 man.
1058 3811 1175 3864 Hoc
1217 3825 1329 3874 est,

305 3892 493 3960 ingens
520 3889 657 3942 illud
677 3909 825 3943 mare
842 3929 859 3957 ,
884 3889 1033 3961 quod
1052 3911 1176 3944 cum
1201 3893 1339 3946 occi-

306 3969 509 4022 dentali
569 3969 785 4024 Oceano
801 4010 818 4034 ,
873 3971 987 4026 eive
1044 3971 1335 4042 Hesperio,

308 4049 395 4102 eui
422 4049 693 4120 peculiare
724 4061 779 4104 et
816 4050 1099 4122 proprium
1144 4051 1335 4104 Atlan-

1425 1507 1519 1561 tici
1543 1525 1744 1561 nomen
1773 1519 1884 1572 est,
1915 1505 2259 1580 confingitur
2285 1521 2338 1562 et
2365 1528 2456 1562 co-

1422 1588 1657 1658 pulatur.
1685 1587 2071 1652 Quamobrem,
2095 1587 2297 1660 inquit,
2314 1589 2348 1640 J
2351 1589 2456 1642 aha

1423 1666 1632 1720 censuit
1668 1685 1700 1719 a
1740 1667 2028 1738 Mossylico
2077 1669 2458 1738 promontorio

1420 1745 1664 1817 navigari
1711 1745 1770 1799 id
1821 1765 1968 1800 mare
2020 1747 2164 1801 Coro
2215 1747 2453 1817 primum

1422 1825 1802 1895 percommode
1833 1844 1846 1878 :
1882 1839 2038 1898 atque
2067 1824 2257 1879 eodem
2287 1827 2452 1887 mari,

1423 1923 1520 1957 ore
1541 1905 1732 1958 Africae
1753 1906 2178 1960 circumlustrata
2193 1945 2208 1969 ‚
2236 1918 2458 1976 praeter-

1424 1983 1650 2054 legeudo
1675 1983 1893 2038 demum
1913 1984 2262 2038 Mauritaniae
2283 1983 2459 2038 Gades

1424 2081 1593 2134 usque
1623 2064 1894 2136 perveniri
1929 2077 2046 2117 tuto
2079 2083 2251 2137 posse.
2285 2064 2458 2118 Corus

1424 2143 1538 2196 sive
1568 2144 1774 2196 Caurus
1811 2145 1879 2196 ab
1911 2143 2036 2196 solis
2065 2161 2252 2198 occasu
2283 2143 2458 2196 solsti-

1424 2222 1539 2276 tiali
1567 2223 1764 2293 spirat,
1805 2235 1868 2276 ut
1893 2221 2126 2276 diximus
2151 2223 2247 2277 lib.
2283 2225 2372 2288 11,
2405 2241 2454 2275 c.

1428 2305 1521 2366 46.
1560 2333 1640 2345 —
1685 2301 1836 2355 Nihil
1894 2314 1974 2355 est
2020 2303 2458 2374 interpretatione

1422 2393 1606 2434 nostra
1627 2381 1734 2434 hoc
1761 2381 1883 2434 loco
1911 2383 2150 2454 planius,
2177 2383 2312 2435 nihil
2340 2401 2456 2434 cer-

1424 2461 1531 2514 tius
1569 2478 1584 2512 :
1631 2479 1899 2532 nusquam
1954 2462 2156 2534 pariter
2209 2460 2455 2515 omnium

1424 2540 1812 2612 exemplarium
1828 2581 1843 2605 ,
1865 2559 2028 2612 quam
2057 2542 2115 2594 in
2140 2541 2226 2594 his
2251 2541 2458 2607 verbis,

1424 2621 1701 2674 consensio
1722 2623 1911 2691 major.
1939 2621 2020 2674 Ex
2039 2621 2104 2674 iis
2125 2633 2306 2674 tamen
2327 2619 2458 2673 dum

1424 2700 1686 2753 extricare
1704 2718 1757 2752 se
1787 2700 2069 2753 Salmasius
2089 2701 2302 2772 nequit,
2327 2719 2458 2771 pro·

1425 2778 1531 2831 lixa
1581 2779 1976 2833 Exci-citatione
2017 2779 2075 2832 in
2123 2780 2292 2833 Solin.
2335 2797 2457 2850 pag.

1432 2864 1615 2923 1244,
1641 2876 1811 2930 usque
1856 2857 1925 2912 ad
1965 2877 2089 2930 pag.
2139 2861 2323 2919 1266,
2355 2877 2460 2912 nec

1425 2957 1566 2991 sanae
1595 2938 1788 2992 mentis
1823 2938 2064 2991 Plinium
2096 2938 2256 2992 fuisse
2285 2939 2460 2992 excle-

1426 3031 1569 3083 mat,
1598 3014 1730 3071 dum
1761 3017 1876 3073 hac
1905 3018 2164 3071 scriberet
2185 3058 2202 3083 ,
2231 3036 2331 3071 nec
2357 3017 2459 3071 So·

1425 3097 1601 3150 linum
1619 3136 1635 3162 ,
1664 3096 1759 3167 qui
1789 3098 1964 3150 hausit
1993 3117 2020 3150 a
2055 3097 2251 3151 Plinio.
2283 3099 2377 3152 Est
2406 3109 2462 3150 et

1426 3178 1522 3248 qui
1564 3177 1599 3229 J
1605 3178 1764 3229 ubam
1812 3176 2198 3230 hallucinatum
2241 3187 2398 3250 putet
2441 3196 2454 3229 :

1426 3268 1507 3309 est
1549 3257 1644 3328 qui
1693 3255 1936 3309 Plinium
1997 3255 2461 3309 inconsiderantia

1426 3349 1608 3406 arguat
1626 3371 1645 3398 ‚
1698 3336 1792 3407 qui
1851 3341 2174 3390 ΓΑΔΕΙΡΗΣ
2243 3341 2464 3389 ΣἹῈΝΑ

1427 3415 1628 3468 cursim
1677 3415 1864 3485 legerit
1911 3433 2014 3486 pro
2077 3421 2169 3468 TA
2226 3420 2460 3468 ΔΕῙΡΗΣ

1428 3501 1646 3550 ΣΤΕΝΔ
1665 3531 1683 3558 ,
1712 3495 1817 3547 hoc
1845 3508 1956 3560 est,
1985 3493 2312 3548 Gaditanum
2355 3495 2474 3547 fre-‘

1428 3586 1546 3627 tum
1570 3611 1588 3638 ‚
1631 3593 1732 3646 pro
1772 3574 2022 3628 Arabico.
2075 3574 2180 3627 Sed
2227 3574 2461 3644 argutias

1426 3652 1754 3725 ejuscemodi
1775 3652 2032 3725 falsasque
2057 3651 2464 3707 criminationes

1424 3753 1608 3788 sensus
1643 3734 1760 3805 ipse
1789 3733 2096 3804 scriptoris,
2123 3739 2310 3786 nostra
2339 3751 2464 3785 mu·

1420 3814 1569 3866 nitus
1595 3812 2074 3884 interpretatione,
2101 3813 2357 3868 confutat.
2387 3813 2459 3866 H.

1509 3893 1604 3956 45.
1659 3894 1810 3964 Cujus
1859 3903 1962 3944 toea
2003 3896 2238 3945 sententia
2283 3893 2371 3944 hoe
2411 3895 2462 3943 in

1427 3973 1565 4036 loco,
1632 3985 1736 4026 etc.
1787 3975 1868 4024 De
1921 3970 2256 4042 navigatione
2315 3971 2464 4024 sinus

1427 4052 1663 4108 Arabici.
1691 4055 1874 4105 Ham).
