<?xml version="1.0" encoding="UTF-8"?>
<!DOCTYPE html PUBLIC "-//W3C//DTD XHTML 1.0 Transitional//EN"
    "http://www.w3.org/TR/xhtml1/DTD/xhtml1-transitional.dtd">
<html xmlns="http://www.w3.org/1999/xhtml" xml:lang="en" lang="en">
 <head>
  <title>
</title>
<meta http-equiv="Content-Type" content="text/html;charset=utf-8" />
  <meta name='ocr-system' content='tesseract 3.04.00' />
  <meta name='ocr-capabilities' content='ocr_page ocr_carea ocr_par ocr_line ocrx_word'/>
</head>
<body>
  <div class='ocr_page' id='page_1' title='image "./caiipliniisecun06plingoog_0437.png"; bbox 0 0 2950 5017; ppageno 0'>
   <div class='ocr_carea' id='block_1_1' title="bbox 477 462 620 547">
    <p class='ocr_par' dir='ltr' id='par_1_1' title="bbox 477 462 620 547">
     <span class='ocr_line' id='line_1_1' title="bbox 477 462 620 547; baseline 0.014 -16"><span class='ocrx_word' id='word_1_1' title='bbox 477 462 620 547; x_wconf 64' lang='lat'><strong>[218</strong></span> 
     </span>
    </p>
   </div>
   <div class='ocr_carea' id='block_1_2' title="bbox 477 620 585 665">
    <p class='ocr_par' dir='ltr' id='par_1_2' title="bbox 477 620 585 665">
     <span class='ocr_line' id='line_1_2' title="bbox 477 620 585 665; baseline 0.019 -2"><span class='ocrx_word' id='word_1_2' title='bbox 477 620 585 665; x_wconf 66' lang='lat' dir='ltr'><strong>nl&amp;</strong></span> 
     </span>
    </p>
   </div>
   <div class='ocr_carea' id='block_1_3' title="bbox 477 688 836 771">
    <p class='ocr_par' dir='ltr' id='par_1_3' title="bbox 477 688 836 771">
     <span class='ocr_line' id='line_1_3' title="bbox 477 688 836 771; baseline 0 0"><span class='ocrx_word' id='word_1_3' title='bbox 477 688 836 771; x_wconf 80' lang='lat' dir='ltr'><strong>Maxu11a¹⁵</strong></span> 
     </span>
    </p>
   </div>
   <div class='ocr_carea' id='block_1_4' title="bbox 1021 464 2048 537">
    <p class='ocr_par' dir='ltr' id='par_1_4' title="bbox 1021 464 2048 537">
     <span class='ocr_line' id='line_1_4' title="bbox 1021 464 2048 537; baseline 0 -4"><span class='ocrx_word' id='word_1_4' title='bbox 1021 466 1738 537; x_wconf 82' lang='lat' dir='ltr'><strong>C.PLINIINA&#39;&#39;.1</strong></span> <span class='ocrx_word' id='word_1_5' title='bbox 1789 464 2048 534; x_wconf 84' lang='lat' dir='ltr'><strong>HIS&#39;l.</strong></span> 
     </span>
    </p>
   </div>
   <div class='ocr_carea' id='block_1_5' title="bbox 619 583 2606 799">
    <p class='ocr_par' dir='ltr' id='par_1_5' title="bbox 619 583 2606 799">
     <span class='ocr_line' id='line_1_5' title="bbox 619 583 2606 727; baseline 0 -61"><span class='ocrx_word' id='word_1_6' title='bbox 619 583 1044 726; x_wconf 74' lang='lat' dir='ltr'><strong>⁴Carthago</strong></span> <span class='ocrx_word' id='word_1_7' title='bbox 1077 620 1334 692; x_wconf 83' lang='lat' dir='ltr'><strong>magnae</strong></span> <span class='ocrx_word' id='word_1_8' title='bbox 1374 598 1444 665; x_wconf 93' lang='lat' dir='ltr'><strong>in</strong></span> <span class='ocrx_word' id='word_1_9' title='bbox 1478 599 1769 727; x_wconf 84' lang='lat' dir='ltr'><strong>vestigiis</strong></span> <span class='ocrx_word' id='word_1_10' title='bbox 1808 597 2289 691; x_wconf 78' lang='lat' dir='ltr'><strong>Carthaginis:</strong></span> <span class='ocrx_word' id='word_1_11' title='bbox 2343 594 2606 666; x_wconf 81' lang='lat' dir='ltr'><strong>colonia</strong></span> 
     </span>
     <span class='ocr_line' id='line_1_6' title="bbox 845 689 2605 799; baseline 0.001 -28.066"><span class='ocrx_word' id='word_1_12' title='bbox 845 702 1208 799; x_wconf 84' lang='lat' dir='ltr'><strong>.Oppida:</strong></span> <span class='ocrx_word' id='word_1_13' title='bbox 1242 689 1531 799; x_wconf 84' lang='lat' dir='ltr'><strong>Carpi¹⁶,</strong></span> <span class='ocrx_word' id='word_1_14' title='bbox 1551 706 1772 774; x_wconf 83' lang='lat' dir='ltr'><strong>Misua</strong></span> <span class='ocrx_word' id='word_1_15' title='bbox 1794 702 1867 791; x_wconf 84' lang='lat'><strong>¹⁷,</strong></span> <span class='ocrx_word' id='word_1_16' title='bbox 1891 718 1959 773; x_wconf 93' lang='lat' dir='ltr'><strong>et</strong></span> <span class='ocrx_word' id='word_1_17' title='bbox 1980 702 2261 772; x_wconf 88' lang='lat' dir='ltr'><strong>liberum</strong></span> <span class='ocrx_word' id='word_1_18' title='bbox 2289 691 2605 798; x_wconf 59' lang='lat' dir='ltr'><strong>Clupea¹¹⁸</strong></span> 
     </span>
    </p>
   </div>
   <div class='ocr_carea' id='block_1_6' title="bbox 474 809 2604 904">
    <p class='ocr_par' dir='ltr' id='par_1_6' title="bbox 474 809 2604 904">
     <span class='ocr_line' id='line_1_7' title="bbox 474 809 2604 904; baseline 0.002 -29"><span class='ocrx_word' id='word_1_19' title='bbox 474 809 542 875; x_wconf 88' lang='lat' dir='ltr'><strong>in</strong></span> <span class='ocrx_word' id='word_1_20' title='bbox 577 812 1035 904; x_wconf 86' lang='lat' dir='ltr'><strong>promontorio</strong></span> <span class='ocrx_word' id='word_1_21' title='bbox 1063 812 1379 881; x_wconf 82' lang='lat' dir='ltr'><strong>Mercurii</strong></span> <span class='ocrx_word' id='word_1_22' title='bbox 1399 809 1466 878; x_wconf 85' lang='lat'><strong>¹.⁹</strong></span> <span class='ocrx_word' id='word_1_23' title='bbox 1504 814 1678 879; x_wconf 86' lang='lat' dir='ltr'><strong>Item</strong></span> <span class='ocrx_word' id='word_1_24' title='bbox 1708 809 1916 879; x_wconf 83' lang='lat' dir='ltr'><strong>libera</strong></span> <span class='ocrx_word' id='word_1_25' title='bbox 1944 809 2294 880; x_wconf 85' lang='lat' dir='ltr'><strong>Curubis’⁰</strong></span> <span class='ocrx_word' id='word_1_26' title='bbox 2296 813 2604 904; x_wconf 86' lang='lat' dir='ltr'><strong>‚·Neapo</strong></span> 
     </span>
    </p>
   </div>
   <div class='ocr_carea' id='block_1_7' title="bbox 462 1064 1497 4135">
    <p class='ocr_par' dir='ltr' id='par_1_7' title="bbox 470 1064 1496 1294">
     <span class='ocr_line' id='line_1_8' title="bbox 471 1064 1492 1137; baseline 0.005 -24"><span class='ocrx_word' id='word_1_27' title='bbox 471 1081 746 1136; x_wconf 76' lang='lat' dir='ltr'><strong>campos.</strong></span> <span class='ocrx_word' id='word_1_28' title='bbox 780 1064 1092 1137; x_wconf 71' lang='lat' dir='ltr'><strong>Appianas,</strong></span> <span class='ocrx_word' id='word_1_29' title='bbox 1119 1064 1245 1119; x_wconf 83' lang='lat' dir='ltr'><strong>Bell.</strong></span> <span class='ocrx_word' id='word_1_30' title='bbox 1266 1064 1380 1119; x_wconf 80' lang='lat' dir='ltr'><strong>civ.</strong></span> <span class='ocrx_word' id='word_1_31' title='bbox 1401 1066 1492 1118; x_wconf 86' lang='lat' dir='ltr'><strong>lib.</strong></span> 
     </span>
     <span class='ocr_line' id='line_1_9' title="bbox 471 1140 1496 1214; baseline 0.003 -21"><span class='ocrx_word' id='word_1_32' title='bbox 471 1141 557 1205; x_wconf 91' lang='grc' dir='ltr'><strong>ΙΙ,</strong></span> <span class='ocrx_word' id='word_1_33' title='bbox 583 1161 706 1214; x_wconf 74' lang='lat' dir='ltr'><strong>pag.</strong></span> <span class='ocrx_word' id='word_1_34' title='bbox 753 1142 875 1207; x_wconf 78' lang='grc'><strong>455,</strong></span> <span class='ocrx_word' id='word_1_35' title='bbox 901 1140 1111 1214; x_wconf 71' lang='grc' dir='ltr'>Χάρακὰ</span> <span class='ocrx_word' id='word_1_36' title='bbox 1134 1145 1390 1204; x_wconf 76' lang='grc' dir='ltr'><strong>Σκιπίωνος</strong></span> <span class='ocrx_word' id='word_1_37' title='bbox 1408 1162 1496 1197; x_wconf 78' lang='lat' dir='ltr'><strong>vo-</strong></span> 
     </span>
     <span class='ocr_line' id='line_1_10' title="bbox 470 1223 1295 1294; baseline 0.001 -20"><span class='ocrx_word' id='word_1_38' title='bbox 470 1235 584 1287; x_wconf 83' lang='lat' dir='ltr'><strong>cat,</strong></span> <span class='ocrx_word' id='word_1_39' title='bbox 609 1223 788 1275; x_wconf 64' lang='lat' dir='ltr'><strong>Castu}</strong></span> <span class='ocrx_word' id='word_1_40' title='bbox 808 1223 1092 1294; x_wconf 73' lang='lat' dir='ltr'>Scipionis.</span> <span class='ocrx_word' id='word_1_41' title='bbox 1117 1223 1295 1276; x_wconf 63' lang='lat' dir='ltr'><strong>Ham).</strong></span> 
     </span>
    </p>

    <p class='ocr_par' dir='ltr' id='par_1_8' title="bbox 463 1298 1497 2956">
     <span class='ocr_line' id='line_1_11' title="bbox 545 1298 1494 1371; baseline -0.002 -17"><span class='ocrx_word' id='word_1_42' title='bbox 545 1313 624 1361; x_wconf 76' lang='lat'><strong>14.</strong></span> <span class='ocrx_word' id='word_1_43' title='bbox 653 1304 854 1354; x_wconf 74' lang='lat' dir='ltr'><strong>Colom&#39;a</strong></span> <span class='ocrx_word' id='word_1_44' title='bbox 883 1303 1146 1371; x_wconf 68' lang='lat' dir='ltr'><strong>Cevthago.</strong></span> <span class='ocrx_word' id='word_1_45' title='bbox 1171 1298 1494 1355; x_wconf 81' lang='lat' dir='ltr'><strong>Chisfletian.</strong></span> 
     </span>
     <span class='ocr_line' id='line_1_12' title="bbox 468 1378 1495 1453; baseline 0 -20"><span class='ocrx_word' id='word_1_46' title='bbox 468 1406 492 1424; x_wconf 85' lang='lat'><strong>··</strong></span> <span class='ocrx_word' id='word_1_47' title='bbox 513 1379 732 1434; x_wconf 80' lang='lat' dir='ltr'><strong>Colonia</strong></span> <span class='ocrx_word' id='word_1_48' title='bbox 770 1378 1040 1452; x_wconf 78' lang='lat' dir='ltr'><strong>Carthago</strong></span> <span class='ocrx_word' id='word_1_49' title='bbox 1075 1398 1265 1453; x_wconf 78' lang='lat' dir='ltr'><strong>magna</strong></span> <span class='ocrx_word' id='word_1_50' title='bbox 1307 1400 1321 1432; x_wconf 73' lang='grc' dir='ltr'><strong>ε</strong></span> <span class='ocrx_word' id='word_1_51' title='bbox 1349 1395 1402 1433; x_wconf 89' lang='lat' dir='ltr'><strong>et</strong></span> <span class='ocrx_word' id='word_1_52' title='bbox 1439 1380 1495 1433; x_wconf 89' lang='lat' dir='ltr'><strong>in</strong></span> 
     </span>
     <span class='ocr_line' id='line_1_13' title="bbox 469 1458 1495 1532; baseline -0.002 -20"><span class='ocrx_word' id='word_1_53' title='bbox 469 1460 728 1532; x_wconf 74' lang='lat' dir='ltr'><strong>vestigiis,</strong></span> <span class='ocrx_word' id='word_1_54' title='bbox 742 1471 876 1513; x_wconf 81' lang='lat' dir='ltr'><strong>etc.·</strong></span> <span class='ocrx_word' id='word_1_55' title='bbox 898 1458 1078 1511; x_wconf 87' lang='lat' dir='ltr'><strong>En.—</strong></span> <span class='ocrx_word' id='word_1_56' title='bbox 1102 1484 1124 1506; x_wconf 80' lang='grc' dir='ltr'>ι</span> <span class='ocrx_word' id='word_1_57' title='bbox 1139 1464 1294 1512; x_wconf 84' lang='lat' dir='ltr'><strong>Nunc</strong></span> <span class='ocrx_word' id='word_1_58' title='bbox 1311 1458 1495 1530; x_wconf 88' lang='lat' dir='ltr'><strong>populi</strong></span> 
     </span>
     <span class='ocr_line' id='line_1_14' title="bbox 469 1536 1495 1609; baseline -0.003 -17"><span class='ocrx_word' id='word_1_59' title='bbox 469 1540 681 1592; x_wconf 82' lang='lat' dir='ltr'><strong>romani</strong></span> <span class='ocrx_word' id='word_1_60' title='bbox 697 1538 900 1592; x_wconf 86' lang='lat' dir='ltr'><strong>colonia</strong></span> <span class='ocrx_word' id='word_1_61' title='bbox 919 1579 932 1603; x_wconf 90' lang='lat'><strong>‚</strong></span> <span class='ocrx_word' id='word_1_62' title='bbox 955 1536 1131 1609; x_wconf 87' lang='lat' dir='ltr'><strong>inquit</strong></span> <span class='ocrx_word' id='word_1_63' title='bbox 1143 1536 1286 1591; x_wconf 83' lang='lat' dir='ltr'><strong>Mela</strong></span> <span class='ocrx_word' id='word_1_64' title='bbox 1300 1576 1316 1601; x_wconf 94' lang='lat'>,</span> <span class='ocrx_word' id='word_1_65' title='bbox 1335 1536 1428 1590; x_wconf 87' lang='lat' dir='ltr'><strong>lib.</strong></span> <span class='ocrx_word' id='word_1_66' title='bbox 1451 1536 1495 1600; x_wconf 89' lang='grc' dir='ltr'><strong>Ι,</strong></span> 
     </span>
     <span class='ocr_line' id='line_1_15' title="bbox 467 1616 1497 1690; baseline -0.003 -18"><span class='ocrx_word' id='word_1_67' title='bbox 467 1638 588 1690; x_wconf 86' lang='lat' dir='ltr'><strong>cap.</strong></span> <span class='ocrx_word' id='word_1_68' title='bbox 617 1636 670 1689; x_wconf 88' lang='lat'><strong>7,</strong></span> <span class='ocrx_word' id='word_1_69' title='bbox 693 1618 820 1670; x_wconf 86' lang='lat' dir='ltr'><strong>olim</strong></span> <span class='ocrx_word' id='word_1_70' title='bbox 843 1616 1053 1688; x_wconf 89' lang='lat' dir='ltr'><strong>imperii</strong></span> <span class='ocrx_word' id='word_1_71' title='bbox 1097 1619 1209 1689; x_wconf 69' lang='lat' dir='ltr'><strong>ejus</strong></span> <span class='ocrx_word' id='word_1_72' title='bbox 1244 1616 1497 1689; x_wconf 80' lang='lat' dir='ltr'><strong>pertinax</strong></span> 
     </span>
     <span class='ocr_line' id='line_1_16' title="bbox 467 1695 1497 1770; baseline -0.002 -19"><span class='ocrx_word' id='word_1_73' title='bbox 467 1699 650 1751; x_wconf 78' lang='lat' dir='ltr'><strong>aemula</strong></span> <span class='ocrx_word' id='word_1_74' title='bbox 672 1700 811 1770; x_wconf 81' lang='lat' dir='ltr'><strong>:jam</strong></span> <span class='ocrx_word' id='word_1_75' title='bbox 827 1696 1042 1768; x_wconf 87' lang='lat' dir='ltr'><strong>quidem</strong></span> <span class='ocrx_word' id='word_1_76' title='bbox 1065 1695 1255 1748; x_wconf 88' lang='lat' dir='ltr'><strong>iterum</strong></span> <span class='ocrx_word' id='word_1_77' title='bbox 1279 1696 1497 1767; x_wconf 84' lang='lat' dir='ltr'><strong>opulen-</strong></span> 
     </span>
     <span class='ocr_line' id='line_1_17' title="bbox 467 1775 1496 1847; baseline -0.004 -16"><span class='ocrx_word' id='word_1_78' title='bbox 467 1792 516 1831; x_wconf 80' lang='lat' dir='ltr'><strong>ta</strong></span> <span class='ocrx_word' id='word_1_79' title='bbox 543 1796 557 1830; x_wconf 75' lang='grc' dir='ltr'><em>τ</em></span> <span class='ocrx_word' id='word_1_80' title='bbox 587 1778 895 1831; x_wconf 82' lang='lat' dir='ltr'><strong>etiamnunc</strong></span> <span class='ocrx_word' id='word_1_81' title='bbox 921 1786 1100 1828; x_wconf 88' lang='lat' dir='ltr'><strong>tamen</strong></span> <span class='ocrx_word' id='word_1_82' title='bbox 1133 1775 1371 1847; x_wconf 79' lang='lat' dir='ltr'><strong>priorum</strong></span> <span class='ocrx_word' id='word_1_83' title='bbox 1399 1793 1496 1828; x_wconf 84' lang='lat' dir='ltr'><strong>ex-</strong></span> 
     </span>
     <span class='ocr_line' id='line_1_18' title="bbox 465 1854 1493 1927; baseline -0.004 -18"><span class='ocrx_word' id='word_1_84' title='bbox 465 1856 610 1910; x_wconf 82' lang='lat' dir='ltr'><strong>cidio</strong></span> <span class='ocrx_word' id='word_1_85' title='bbox 631 1874 834 1920; x_wconf 87' lang='lat' dir='ltr'><strong>rerum,</strong></span> <span class='ocrx_word' id='word_1_86' title='bbox 852 1874 1012 1926; x_wconf 84' lang='lat' dir='ltr'><strong>quam</strong></span> <span class='ocrx_word' id='word_1_87' title='bbox 1034 1872 1136 1927; x_wconf 87' lang='lat' dir='ltr'><strong>ope</strong></span> <span class='ocrx_word' id='word_1_88' title='bbox 1153 1854 1493 1925; x_wconf 59' lang='lat' dir='ltr'><strong>prementium</strong></span> 
     </span>
     <span class='ocr_line' id='line_1_19' title="bbox 465 1932 1495 1989; baseline -0.005 0"><span class='ocrx_word' id='word_1_89' title='bbox 465 1937 673 1989; x_wconf 81' lang='lat' dir='ltr'><strong>clarior.</strong></span> <span class='ocrx_word' id='word_1_90' title='bbox 689 1961 713 1982; x_wconf 75' lang='lat' dir='ltr'>n</span> <span class='ocrx_word' id='word_1_91' title='bbox 731 1932 1027 1989; x_wconf 85' lang='lat' dir='ltr'><strong>Deductam</strong></span> <span class='ocrx_word' id='word_1_92' title='bbox 1050 1952 1082 1987; x_wconf 88' lang='lat' dir='ltr'><strong>a</strong></span> <span class='ocrx_word' id='word_1_93' title='bbox 1103 1934 1309 1987; x_wconf 64' lang='lat' dir='ltr'><strong>casare</strong></span> <span class='ocrx_word' id='word_1_94' title='bbox 1327 1932 1495 1987; x_wconf 83' lang='lat' dir='ltr'><strong>‹licta-</strong></span> 
     </span>
     <span class='ocr_line' id='line_1_20' title="bbox 465 2011 1495 2079; baseline -0.006 -10"><span class='ocrx_word' id='word_1_95' title='bbox 465 2028 578 2069; x_wconf 87' lang='lat' dir='ltr'><strong>tore</strong></span> <span class='ocrx_word' id='word_1_96' title='bbox 593 2053 609 2079; x_wconf 85' lang='lat'>,</span> <span class='ocrx_word' id='word_1_97' title='bbox 636 2016 801 2069; x_wconf 80' lang='lat' dir='ltr'><strong>altero</strong></span> <span class='ocrx_word' id='word_1_98' title='bbox 839 2032 936 2066; x_wconf 81' lang='lat' dir='ltr'><strong>suo</strong></span> <span class='ocrx_word' id='word_1_99' title='bbox 974 2011 1253 2065; x_wconf 74' lang='lat' dir='ltr'><strong>consulatu</strong></span> <span class='ocrx_word' id='word_1_100' title='bbox 1267 2051 1280 2075; x_wconf 91' lang='lat'><strong>,</strong></span> <span class='ocrx_word' id='word_1_101' title='bbox 1307 2023 1495 2065; x_wconf 77' lang='lat' dir='ltr'><strong>auctor</strong></span> 
     </span>
     <span class='ocr_line' id='line_1_21' title="bbox 466 2090 1494 2163; baseline -0.005 -15"><span class='ocrx_word' id='word_1_102' title='bbox 466 2108 546 2148; x_wconf 74' lang='lat' dir='ltr'><strong>eet</strong></span> <span class='ocrx_word' id='word_1_103' title='bbox 571 2095 703 2160; x_wconf 85' lang='lat' dir='ltr'><strong>Dio,</strong></span> <span class='ocrx_word' id='word_1_104' title='bbox 727 2094 822 2145; x_wconf 88' lang='lat' dir='ltr'><strong>lib.</strong></span> <span class='ocrx_word' id='word_1_105' title='bbox 844 2092 1027 2145; x_wconf 80' lang='lat' dir='ltr'>XLIII</span> <span class='ocrx_word' id='word_1_106' title='bbox 1044 2132 1059 2158; x_wconf 86' lang='lat'>,</span> <span class='ocrx_word' id='word_1_107' title='bbox 1085 2110 1203 2163; x_wconf 81' lang='lat' dir='ltr'><strong>pag.</strong></span> <span class='ocrx_word' id='word_1_108' title='bbox 1225 2090 1494 2159; x_wconf 71' lang='lat' dir='ltr'><strong>239.Vide</strong></span> 
     </span>
     <span class='ocr_line' id='line_1_22' title="bbox 465 2170 1487 2241; baseline -0.004 -15"><span class='ocrx_word' id='word_1_109' title='bbox 465 2186 518 2227; x_wconf 87' lang='lat' dir='ltr'><strong>et</strong></span> <span class='ocrx_word' id='word_1_110' title='bbox 542 2170 888 2225; x_wconf 80' lang='lat' dir='ltr'><strong>Plutarchum</strong></span> <span class='ocrx_word' id='word_1_111' title='bbox 915 2170 973 2223; x_wconf 89' lang='lat' dir='ltr'><strong>in</strong></span> <span class='ocrx_word' id='word_1_112' title='bbox 999 2170 1233 2238; x_wconf 75' lang='lat' dir='ltr'><strong>Caesare,</strong></span> <span class='ocrx_word' id='word_1_113' title='bbox 1256 2188 1309 2241; x_wconf 91' lang='lat' dir='ltr'><strong>p.</strong></span> <span class='ocrx_word' id='word_1_114' title='bbox 1347 2171 1487 2241; x_wconf 82' lang='grc'><strong>734;</strong></span> 
     </span>
     <span class='ocr_line' id='line_1_23' title="bbox 465 2248 1490 2323; baseline -0.004 -18"><span class='ocrx_word' id='word_1_115' title='bbox 465 2252 688 2323; x_wconf 81' lang='lat' dir='ltr'><strong>Appian.</strong></span> <span class='ocrx_word' id='word_1_116' title='bbox 709 2252 767 2303; x_wconf 88' lang='lat' dir='ltr'><strong>in</strong></span> <span class='ocrx_word' id='word_1_117' title='bbox 785 2250 973 2323; x_wconf 78' lang='lat' dir='ltr'><strong>Libye.</strong></span> <span class='ocrx_word' id='word_1_118' title='bbox 995 2267 1112 2321; x_wconf 81' lang='lat' dir='ltr'><strong>pag.</strong></span> <span class='ocrx_word' id='word_1_119' title='bbox 1132 2249 1222 2312; x_wconf 87' lang='lat'><strong>85,</strong></span> <span class='ocrx_word' id='word_1_120' title='bbox 1248 2259 1300 2302; x_wconf 88' lang='lat' dir='ltr'><strong>et</strong></span> <span class='ocrx_word' id='word_1_121' title='bbox 1316 2248 1490 2303; x_wconf 78' lang='lat' dir='ltr'><strong>Strab-</strong></span> 
     </span>
     <span class='ocr_line' id='line_1_24' title="bbox 465 2328 1493 2400; baseline -0.001 -18"><span class='ocrx_word' id='word_1_122' title='bbox 465 2331 555 2382; x_wconf 89' lang='lat' dir='ltr'><strong>lib.</strong></span> <span class='ocrx_word' id='word_1_123' title='bbox 581 2330 764 2389; x_wconf 83' lang='lat' dir='ltr'><strong>xvn,</strong></span> <span class='ocrx_word' id='word_1_124' title='bbox 794 2345 917 2400; x_wconf 81' lang='lat' dir='ltr'><strong>pag.</strong></span> <span class='ocrx_word' id='word_1_125' title='bbox 943 2328 1060 2382; x_wconf 80' lang='lat'><strong>833.</strong></span> <span class='ocrx_word' id='word_1_126' title='bbox 1099 2328 1267 2379; x_wconf 88' lang='lat' dir='ltr'><strong>Etiam</strong></span> <span class='ocrx_word' id='word_1_127' title='bbox 1297 2328 1493 2399; x_wconf 79' lang='lat' dir='ltr'><strong>priusa</strong></span> 
     </span>
     <span class='ocr_line' id='line_1_25' title="bbox 464 2405 1495 2470; baseline -0.003 -7"><span class='ocrx_word' id='word_1_128' title='bbox 464 2410 529 2463; x_wconf 90' lang='lat' dir='ltr'><strong>C.</strong></span> <span class='ocrx_word' id='word_1_129' title='bbox 553 2407 803 2461; x_wconf 79' lang='lat' dir='ltr'><strong>Graccho</strong></span> <span class='ocrx_word' id='word_1_130' title='bbox 828 2405 1084 2460; x_wconf 73' lang='lat' dir='ltr'><strong>deductos</strong></span> <span class='ocrx_word' id='word_1_131' title='bbox 1122 2406 1365 2470; x_wconf 73' lang='lat' dir='ltr'><strong>colonos,</strong></span> <span class='ocrx_word' id='word_1_132' title='bbox 1400 2406 1495 2460; x_wconf 70' lang='lat' dir='ltr'><strong>sed</strong></span> 
     </span>
     <span class='ocr_line' id='line_1_26' title="bbox 465 2485 1497 2561; baseline -0.004 -20"><span class='ocrx_word' id='word_1_133' title='bbox 465 2507 590 2541; x_wconf 83' lang='lat' dir='ltr'><strong>mox</strong></span> <span class='ocrx_word' id='word_1_134' title='bbox 615 2490 820 2561; x_wconf 85' lang='lat' dir='ltr'><strong>majore</strong></span> <span class='ocrx_word' id='word_1_135' title='bbox 845 2486 982 2538; x_wconf 84' lang='lat' dir='ltr'><strong>fama</strong></span> <span class='ocrx_word' id='word_1_136' title='bbox 1016 2503 1048 2538; x_wconf 88' lang='lat' dir='ltr'><strong>a</strong></span> <span class='ocrx_word' id='word_1_137' title='bbox 1089 2485 1322 2550; x_wconf 68' lang='lat' dir='ltr'><strong>Caesare,</strong></span> <span class='ocrx_word' id='word_1_138' title='bbox 1366 2486 1497 2539; x_wconf 77' lang='lat' dir='ltr'><strong>scri-</strong></span> 
     </span>
     <span class='ocr_line' id='line_1_27' title="bbox 465 2566 1493 2636; baseline -0.002 -17"><span class='ocrx_word' id='word_1_139' title='bbox 465 2568 544 2619; x_wconf 88' lang='lat' dir='ltr'><strong>bit</strong></span> <span class='ocrx_word' id='word_1_140' title='bbox 597 2566 842 2632; x_wconf 70' lang='lat' dir='ltr'><strong>Solinus,</strong></span> <span class='ocrx_word' id='word_1_141' title='bbox 884 2581 1002 2636; x_wconf 88' lang='lat' dir='ltr'><strong>cap.</strong></span> <span class='ocrx_word' id='word_1_142' title='bbox 1040 2582 1222 2631; x_wconf 83' lang='lat' dir='ltr'><strong>xxvn,</strong></span> <span class='ocrx_word' id='word_1_143' title='bbox 1256 2582 1376 2635; x_wconf 78' lang='lat' dir='ltr'><strong>pag.</strong></span> <span class='ocrx_word' id='word_1_144' title='bbox 1407 2570 1493 2633; x_wconf 86' lang='grc'><strong>49.</strong></span> 
     </span>
     <span class='ocr_line' id='line_1_28' title="bbox 465 2642 1497 2718; baseline -0.003 -20"><span class='ocrx_word' id='word_1_145' title='bbox 465 2646 702 2718; x_wconf 74' lang='lat' dir='ltr'><strong>Sumpsit</strong></span> <span class='ocrx_word' id='word_1_146' title='bbox 730 2662 760 2698; x_wconf 83' lang='lat' dir='ltr'><strong>a</strong></span> <span class='ocrx_word' id='word_1_147' title='bbox 785 2644 969 2706; x_wconf 81' lang='lat' dir='ltr'><strong>Livio,</strong></span> <span class='ocrx_word' id='word_1_148' title='bbox 993 2642 1087 2695; x_wconf 83' lang='lat' dir='ltr'><strong>lib.</strong></span> <span class='ocrx_word' id='word_1_149' title='bbox 1126 2642 1247 2695; x_wconf 83' lang='lat' dir='ltr'><strong>Lx.</strong></span> <span class='ocrx_word' id='word_1_150' title='bbox 1273 2642 1497 2695; x_wconf 85' lang='lat' dir='ltr'><strong>Cartha-</strong></span> 
     </span>
     <span class='ocr_line' id='line_1_29' title="bbox 465 2722 1496 2796; baseline -0.002 -20"><span class='ocrx_word' id='word_1_151' title='bbox 465 2724 600 2796; x_wconf 66' lang='lat' dir='ltr'><strong>gini·</strong></span> <span class='ocrx_word' id='word_1_152' title='bbox 626 2734 840 2796; x_wconf 84' lang='lat' dir='ltr'><strong>portum</strong></span> <span class='ocrx_word' id='word_1_153' title='bbox 869 2722 1176 2775; x_wconf 79' lang='lat' dir='ltr'><strong>etiamnunc</strong></span> <span class='ocrx_word' id='word_1_154' title='bbox 1203 2725 1379 2771; x_wconf 75' lang='lat' dir='ltr'><strong>Marsa</strong></span> <span class='ocrx_word' id='word_1_155' title='bbox 1401 2740 1496 2774; x_wconf 80' lang='lat' dir='ltr'><strong>vo-</strong></span> 
     </span>
     <span class='ocr_line' id='line_1_30' title="bbox 466 2798 1495 2856; baseline -0.002 -1"><span class='ocrx_word' id='word_1_156' title='bbox 466 2815 589 2856; x_wconf 83' lang='lat' dir='ltr'><strong>cant</strong></span> <span class='ocrx_word' id='word_1_157' title='bbox 611 2821 626 2856; x_wconf 89' lang='lat'>:</span> <span class='ocrx_word' id='word_1_158' title='bbox 653 2821 718 2855; x_wconf 89' lang='lat' dir='ltr'><strong>ex</strong></span> <span class='ocrx_word' id='word_1_159' title='bbox 745 2800 892 2853; x_wconf 74' lang='lat' dir='ltr'><strong>urbia</strong></span> <span class='ocrx_word' id='word_1_160' title='bbox 917 2798 1200 2852; x_wconf 75' lang='lat' dir='ltr'><strong>ruderibus</strong></span> <span class='ocrx_word' id='word_1_161' title='bbox 1224 2800 1495 2853; x_wconf 85' lang='lat' dir='ltr'><strong>Tunetum</strong></span> 
     </span>
     <span class='ocr_line' id='line_1_31' title="bbox 463 2878 1141 2956; baseline -0.007 -20"><span class='ocrx_word' id='word_1_162' title='bbox 463 2888 614 2956; x_wconf 81' lang='lat' dir='ltr'><strong>juxta</strong></span> <span class='ocrx_word' id='word_1_163' title='bbox 640 2880 930 2934; x_wconf 84' lang='lat' dir='ltr'><strong>conditum.</strong></span> <span class='ocrx_word' id='word_1_164' title='bbox 957 2878 1141 2931; x_wconf 56' lang='lat' dir='ltr'><strong>Ham).</strong></span> 
     </span>
    </p>

    <p class='ocr_par' dir='ltr' id='par_1_9' title="bbox 467 2956 1497 3507">
     <span class='ocr_line' id='line_1_32' title="bbox 546 2956 1497 3015; baseline -0.003 -2"><span class='ocrx_word' id='word_1_165' title='bbox 546 2962 626 3015; x_wconf 84' lang='lat'><strong>15.</strong></span> <span class='ocrx_word' id='word_1_166' title='bbox 654 2962 904 3013; x_wconf 73' lang='lat' dir='ltr'><strong>Maxalla.</strong></span> <span class='ocrx_word' id='word_1_167' title='bbox 924 2958 1096 3009; x_wconf 79' lang='lat' dir='ltr'><strong>Etiam</strong></span> <span class='ocrx_word' id='word_1_168' title='bbox 1121 2956 1390 3010; x_wconf 80' lang='lat' dir='ltr'><strong>Antonino</strong></span> <span class='ocrx_word' id='word_1_169' title='bbox 1409 2976 1497 3010; x_wconf 90' lang='lat' dir='ltr'><strong>co-</strong></span> 
     </span>
     <span class='ocr_line' id='line_1_33' title="bbox 469 3036 1495 3108; baseline -0.004 -15"><span class='ocrx_word' id='word_1_170' title='bbox 469 3042 612 3093; x_wconf 79' lang='lat' dir='ltr'><strong>lonia</strong></span> <span class='ocrx_word' id='word_1_171' title='bbox 651 3038 920 3101; x_wconf 72' lang='lat' dir='ltr'><strong>Maxalla,</strong></span> <span class='ocrx_word' id='word_1_172' title='bbox 945 3036 1001 3088; x_wconf 90' lang='lat' dir='ltr'><strong>in</strong></span> <span class='ocrx_word' id='word_1_173' title='bbox 1037 3036 1338 3108; x_wconf 75' lang='lat' dir='ltr'><strong>Zeugitana.</strong></span> <span class='ocrx_word' id='word_1_174' title='bbox 1373 3036 1495 3090; x_wconf 89' lang='lat' dir='ltr'><strong>Pto-</strong></span> 
     </span>
     <span class='ocr_line' id='line_1_34' title="bbox 467 3115 1490 3187; baseline -0.002 -16"><span class='ocrx_word' id='word_1_175' title='bbox 467 3120 705 3185; x_wconf 77' lang='lat' dir='ltr'><strong>lemaeus,</strong></span> <span class='ocrx_word' id='word_1_176' title='bbox 727 3117 821 3171; x_wconf 90' lang='lat' dir='ltr'><strong>lib.</strong></span> <span class='ocrx_word' id='word_1_177' title='bbox 849 3117 952 3179; x_wconf 80' lang='lat' dir='ltr'><strong>IV,</strong></span> <span class='ocrx_word' id='word_1_178' title='bbox 980 3134 1099 3187; x_wconf 88' lang='lat' dir='ltr'><strong>cap.</strong></span> <span class='ocrx_word' id='word_1_179' title='bbox 1143 3115 1202 3177; x_wconf 84' lang='lat'><strong>3,</strong></span> <span class='ocrx_word' id='word_1_180' title='bbox 1232 3117 1490 3179; x_wconf 78' lang='grc' dir='ltr'><strong>Μαζοῦλα,</strong></span> 
     </span>
     <span class='ocr_line' id='line_1_35' title="bbox 468 3194 1497 3270; baseline -0.004 -19"><span class='ocrx_word' id='word_1_181' title='bbox 468 3217 569 3270; x_wconf 86' lang='lat' dir='ltr'><strong>pro</strong></span> <span class='ocrx_word' id='word_1_182' title='bbox 587 3195 837 3259; x_wconf 68' lang='grc' dir='ltr'><strong>Μαξοῦλα.</strong></span> <span class='ocrx_word' id='word_1_183' title='bbox 867 3195 933 3247; x_wconf 92' lang='lat' dir='ltr'><strong>In</strong></span> <span class='ocrx_word' id='word_1_184' title='bbox 961 3194 1161 3248; x_wconf 87' lang='lat' dir='ltr'><strong>Notitia</strong></span> <span class='ocrx_word' id='word_1_185' title='bbox 1183 3194 1378 3247; x_wconf 61' lang='lat' dir='ltr'><strong>Africa</strong></span> <span class='ocrx_word' id='word_1_186' title='bbox 1415 3194 1497 3248; x_wconf 88' lang='lat' dir='ltr'><strong>in-</strong></span> 
     </span>
     <span class='ocr_line' id='line_1_36' title="bbox 467 3274 1494 3348; baseline -0.001 -20"><span class='ocrx_word' id='word_1_187' title='bbox 467 3290 548 3330; x_wconf 82' lang='lat' dir='ltr'><strong>ter</strong></span> <span class='ocrx_word' id='word_1_188' title='bbox 582 3276 858 3348; x_wconf 69' lang='lat' dir='ltr'><strong>episcopos</strong></span> <span class='ocrx_word' id='word_1_189' title='bbox 891 3274 1176 3347; x_wconf 66' lang='lat' dir='ltr'><strong>provincio</strong></span> <span class='ocrx_word' id='word_1_190' title='bbox 1203 3290 1494 3345; x_wconf 74' lang='lat' dir='ltr'><strong>proconsu-</strong></span> 
     </span>
     <span class='ocr_line' id='line_1_37' title="bbox 469 3354 1496 3417; baseline -0.002 -9"><span class='ocrx_word' id='word_1_191' title='bbox 469 3354 608 3417; x_wconf 79' lang='lat' dir='ltr'><strong>laris,</strong></span> <span class='ocrx_word' id='word_1_192' title='bbox 631 3356 897 3408; x_wconf 79' lang='lat' dir='ltr'><strong>Car-cadius</strong></span> <span class='ocrx_word' id='word_1_193' title='bbox 918 3354 1496 3407; x_wconf 51' lang='lat' dir='ltr'><strong>unalitatem-funeta</strong></span> 
     </span>
     <span class='ocr_line' id='line_1_38' title="bbox 467 3432 1069 3507; baseline -0.01 -17"><span class='ocrx_word' id='word_1_194' title='bbox 467 3436 712 3507; x_wconf 86' lang='lat' dir='ltr'><strong>proxima</strong></span> <span class='ocrx_word' id='word_1_195' title='bbox 736 3433 860 3486; x_wconf 83' lang='lat' dir='ltr'><strong>fuit.</strong></span> <span class='ocrx_word' id='word_1_196' title='bbox 888 3432 1069 3485; x_wconf 64' lang='grc' dir='ltr'><strong>Ηιιιι).</strong></span> 
     </span>
    </p>

    <p class='ocr_par' dir='ltr' id='par_1_10' title="bbox 464 3510 1495 3981">
     <span class='ocr_line' id='line_1_39' title="bbox 544 3510 1495 3582; baseline -0.004 -14"><span class='ocrx_word' id='word_1_197' title='bbox 544 3518 626 3569; x_wconf 83' lang='lat'><strong>16.</strong></span> <span class='ocrx_word' id='word_1_198' title='bbox 657 3516 822 3581; x_wconf 79' lang='lat' dir='ltr'><strong>Carpi.</strong></span> <span class='ocrx_word' id='word_1_199' title='bbox 861 3510 986 3565; x_wconf 84' lang='lat' dir='ltr'><strong>Post</strong></span> <span class='ocrx_word' id='word_1_200' title='bbox 1007 3510 1280 3563; x_wconf 77' lang='lat' dir='ltr'><strong>Maxulam</strong></span> <span class='ocrx_word' id='word_1_201' title='bbox 1306 3510 1495 3582; x_wconf 74' lang='grc' dir='ltr'>Καρπὶς</span> 
     </span>
     <span class='ocr_line' id='line_1_40' title="bbox 467 3588 1493 3666; baseline -0.005 -19"><span class='ocrx_word' id='word_1_202' title='bbox 467 3594 703 3666; x_wconf 79' lang='lat' dir='ltr'><strong>sequitur</strong></span> <span class='ocrx_word' id='word_1_203' title='bbox 715 3590 861 3665; x_wconf 84' lang='lat' dir='ltr'><strong>apud</strong></span> <span class='ocrx_word' id='word_1_204' title='bbox 876 3591 1233 3643; x_wconf 71' lang='lat' dir='ltr'><strong>Ptolemaeum.</strong></span> <span class='ocrx_word' id='word_1_205' title='bbox 1251 3588 1390 3642; x_wconf 75' lang='lat' dir='ltr'><strong>Hinc</strong></span> <span class='ocrx_word' id='word_1_206' title='bbox 1407 3596 1493 3642; x_wconf 77' lang='lat' dir='ltr'><strong>Fe-</strong></span> 
     </span>
     <span class='ocr_line' id='line_1_41' title="bbox 467 3669 1493 3741; baseline -0.002 -18"><span class='ocrx_word' id='word_1_207' title='bbox 467 3678 543 3725; x_wconf 71' lang='lat' dir='ltr'><strong>11·ae</strong></span> <span class='ocrx_word' id='word_1_208' title='bbox 568 3675 879 3739; x_wconf 75' lang='lat' dir='ltr'><strong>Carpitanus,</strong></span> <span class='ocrx_word' id='word_1_209' title='bbox 907 3669 1045 3722; x_wconf 87' lang='lat' dir='ltr'><strong>inter</strong></span> <span class='ocrx_word' id='word_1_210' title='bbox 1063 3669 1341 3740; x_wconf 73' lang='lat' dir='ltr'><strong>episcopos</strong></span> <span class='ocrx_word' id='word_1_211' title='bbox 1366 3686 1493 3741; x_wconf 74' lang='lat' dir='ltr'><strong>pro-</strong></span> 
     </span>
     <span class='ocr_line' id='line_1_42' title="bbox 469 3748 1490 3820; baseline 0.001 -19"><span class='ocrx_word' id='word_1_212' title='bbox 469 3750 652 3803; x_wconf 70' lang='lat' dir='ltr'><strong>vinciae</strong></span> <span class='ocrx_word' id='word_1_213' title='bbox 698 3748 1092 3820; x_wconf 72' lang='lat' dir='ltr'><strong>proconsularis</strong></span> <span class='ocrx_word' id='word_1_214' title='bbox 1121 3785 1138 3812; x_wconf 89' lang='lat'><strong>,</strong></span> <span class='ocrx_word' id='word_1_215' title='bbox 1185 3748 1242 3800; x_wconf 88' lang='lat' dir='ltr'><strong>in</strong></span> <span class='ocrx_word' id='word_1_216' title='bbox 1285 3748 1490 3802; x_wconf 88' lang='lat' dir='ltr'><strong>Notitia</strong></span> 
     </span>
     <span class='ocr_line' id='line_1_43' title="bbox 465 3826 1485 3894; baseline -0.001 -12"><span class='ocrx_word' id='word_1_217' title='bbox 465 3830 670 3882; x_wconf 76' lang='lat' dir='ltr'><strong>Afrieae.</strong></span> <span class='ocrx_word' id='word_1_218' title='bbox 690 3830 988 3880; x_wconf 78' lang='lat' dir='ltr'><strong>Secundinus</strong></span> <span class='ocrx_word' id='word_1_219' title='bbox 1003 3848 1038 3877; x_wconf 83' lang='lat' dir='ltr'><strong>a</strong></span> <span class='ocrx_word' id='word_1_220' title='bbox 1057 3826 1309 3894; x_wconf 68' lang='lat' dir='ltr'><strong>Carpis,in</strong></span> <span class='ocrx_word' id='word_1_221' title='bbox 1321 3826 1485 3881; x_wconf 87' lang='lat' dir='ltr'><strong>Cone.</strong></span> 
     </span>
     <span class='ocr_line' id='line_1_44' title="bbox 464 3906 1035 3981; baseline -0.009 -19"><span class='ocrx_word' id='word_1_222' title='bbox 464 3911 516 3962; x_wconf 92' lang='lat' dir='ltr'><strong>S.</strong></span> <span class='ocrx_word' id='word_1_223' title='bbox 545 3907 824 3981; x_wconf 80' lang='lat' dir='ltr'><strong>Cypriani.</strong></span> <span class='ocrx_word' id='word_1_224' title='bbox 851 3906 1035 3959; x_wconf 63' lang='lat' dir='ltr'><strong>Ham).</strong></span> 
     </span>
    </p>

    <p class='ocr_par' dir='ltr' id='par_1_11' title="bbox 462 3984 1487 4135">
     <span class='ocr_line' id='line_1_45' title="bbox 533 3984 1487 4057; baseline -0.002 -18"><span class='ocrx_word' id='word_1_225' title='bbox 533 4004 560 4039; x_wconf 74' lang='grc' dir='ltr'>ι</span> <span class='ocrx_word' id='word_1_226' title='bbox 571 4006 620 4057; x_wconf 87' lang='lat'><strong>7.</strong></span> <span class='ocrx_word' id='word_1_227' title='bbox 670 3990 851 4043; x_wconf 71' lang='lat' dir='ltr'><strong>Mimo.</strong></span> <span class='ocrx_word' id='word_1_228' title='bbox 897 3985 962 4037; x_wconf 89' lang='lat' dir='ltr'><strong>In</strong></span> <span class='ocrx_word' id='word_1_229' title='bbox 1006 4001 1178 4055; x_wconf 69' lang='lat' dir='ltr'><strong>graeco</strong></span> <span class='ocrx_word' id='word_1_230' title='bbox 1223 3984 1487 4037; x_wconf 76' lang='lat' dir='ltr'><strong>Ptolemaei</strong></span> 
     </span>
     <span class='ocr_line' id='line_1_46' title="bbox 462 4062 1487 4135; baseline -0.004 -16"><span class='ocrx_word' id='word_1_231' title='bbox 462 4066 649 4119; x_wconf 83' lang='lat' dir='ltr'><strong>codice</strong></span> <span class='ocrx_word' id='word_1_232' title='bbox 663 4106 678 4131; x_wconf 88' lang='lat'><em>‚</em></span> <span class='ocrx_word' id='word_1_233' title='bbox 701 4065 916 4135; x_wconf 80' lang='grc' dir='ltr'><strong>Καρπὶς,</strong></span> <span class='ocrx_word' id='word_1_234' title='bbox 939 4064 1147 4127; x_wconf 66' lang='lat' dir='ltr'><strong>Nicon«,</strong></span> <span class='ocrx_word' id='word_1_235' title='bbox 1169 4062 1343 4116; x_wconf 73' lang='lat' dir='ltr'><strong>scribe</strong></span> <span class='ocrx_word' id='word_1_236' title='bbox 1361 4100 1378 4128; x_wconf 89' lang='lat'>‚</span> <span class='ocrx_word' id='word_1_237' title='bbox 1395 4063 1487 4115; x_wconf 78' lang='lat' dir='ltr'><strong>Mi·</strong></span> 
     </span>
    </p>
   </div>
   <div class='ocr_carea' id='block_1_8' title="bbox 1574 1065 2613 4119">
    <p class='ocr_par' dir='ltr' id='par_1_12' title="bbox 1579 1065 2612 1516">
     <span class='ocr_line' id='line_1_47' title="bbox 1581 1065 2610 1137; baseline 0 -19"><span class='ocrx_word' id='word_1_238' title='bbox 1581 1085 1715 1119; x_wconf 75' lang='grc' dir='ltr'><strong>σουα.</strong></span> <span class='ocrx_word' id='word_1_239' title='bbox 1734 1065 1888 1137; x_wconf 80' lang='lat' dir='ltr'><strong>Apud</strong></span> <span class='ocrx_word' id='word_1_240' title='bbox 1915 1066 2187 1120; x_wconf 86' lang='lat' dir='ltr'><strong>Victorem</strong></span> <span class='ocrx_word' id='word_1_241' title='bbox 2206 1066 2497 1131; x_wconf 82' lang='lat' dir='ltr'><strong>Vitensem‚</strong></span> <span class='ocrx_word' id='word_1_242' title='bbox 2530 1066 2610 1118; x_wconf 89' lang='lat' dir='ltr'><strong>in-</strong></span> 
     </span>
     <span class='ocr_line' id='line_1_48' title="bbox 1579 1145 2608 1218; baseline 0 -21"><span class='ocrx_word' id='word_1_243' title='bbox 1579 1157 1661 1198; x_wconf 87' lang='lat' dir='ltr'><strong>ter</strong></span> <span class='ocrx_word' id='word_1_244' title='bbox 1681 1145 1959 1218; x_wconf 70' lang='lat' dir='ltr'><strong>episcopos</strong></span> <span class='ocrx_word' id='word_1_245' title='bbox 2003 1165 2153 1217; x_wconf 78' lang='lat' dir='ltr'><strong>prov.</strong></span> <span class='ocrx_word' id='word_1_246' title='bbox 2183 1146 2574 1217; x_wconf 69' lang='lat' dir='ltr'><strong>proconsularis</strong></span> <span class='ocrx_word' id='word_1_247' title='bbox 2591 1182 2608 1209; x_wconf 90' lang='lat'><strong>,</strong></span> 
     </span>
     <span class='ocr_line' id='line_1_49' title="bbox 1579 1224 2605 1278; baseline 0 -1"><span class='ocrx_word' id='word_1_248' title='bbox 1579 1228 1883 1277; x_wconf 78' lang='lat' dir='ltr'><strong>Himndinus</strong></span> <span class='ocrx_word' id='word_1_249' title='bbox 1917 1228 2210 1277; x_wconf 71' lang='lat' dir='ltr'><strong>missnensis.</strong></span> <span class='ocrx_word' id='word_1_250' title='bbox 2250 1224 2317 1276; x_wconf 82' lang='lat' dir='ltr'><strong>Et</strong></span> <span class='ocrx_word' id='word_1_251' title='bbox 2350 1225 2410 1277; x_wconf 91' lang='lat' dir='ltr'><strong>in</strong></span> <span class='ocrx_word' id='word_1_252' title='bbox 2439 1225 2605 1278; x_wconf 82' lang='lat' dir='ltr'><strong>conc.</strong></span> 
     </span>
     <span class='ocr_line' id='line_1_50' title="bbox 1582 1303 2609 1376; baseline -0.004 -19"><span class='ocrx_word' id='word_1_253' title='bbox 1582 1304 1832 1376; x_wconf 76' lang='lat' dir='ltr'><strong>Carthag.</strong></span> <span class='ocrx_word' id='word_1_254' title='bbox 1863 1303 2121 1357; x_wconf 82' lang='lat' dir='ltr'><strong>Bonifacii</strong></span> <span class='ocrx_word' id='word_1_255' title='bbox 2139 1340 2155 1365; x_wconf 85' lang='lat'><em>,</em></span> <span class='ocrx_word' id='word_1_256' title='bbox 2184 1307 2475 1355; x_wconf 74' lang='lat' dir='ltr'><strong>Servus-Dei</strong></span> <span class='ocrx_word' id='word_1_257' title='bbox 2486 1306 2609 1354; x_wconf 71' lang='lat' dir='ltr'><strong>His-</strong></span> 
     </span>
     <span class='ocr_line' id='line_1_51' title="bbox 1580 1382 2612 1437; baseline 0 -4"><span class='ocrx_word' id='word_1_258' title='bbox 1580 1387 1790 1437; x_wconf 76' lang='lat' dir='ltr'><strong>suensis.</strong></span> <span class='ocrx_word' id='word_1_259' title='bbox 1830 1384 2004 1436; x_wconf 58' lang='lat' dir='ltr'><strong>Ham).</strong></span> <span class='ocrx_word' id='word_1_260' title='bbox 2036 1414 2108 1423; x_wconf 91' lang='lat'>—</span> <span class='ocrx_word' id='word_1_261' title='bbox 2136 1382 2296 1434; x_wconf 79' lang='lat' dir='ltr'><strong>Nune</strong></span> <span class='ocrx_word' id='word_1_262' title='bbox 2339 1384 2612 1433; x_wconf 71' lang='lat' dir='ltr'><strong>Sidi-dona</strong></span> 
     </span>
     <span class='ocr_line' id='line_1_52' title="bbox 1581 1460 2325 1516; baseline -0.004 -1"><span class='ocrx_word' id='word_1_263' title='bbox 1581 1463 1764 1515; x_wconf 77' lang='lat' dir='ltr'><strong>vocari</strong></span> <span class='ocrx_word' id='word_1_264' title='bbox 1790 1462 1863 1516; x_wconf 80' lang='lat' dir='ltr'><strong>ait</strong></span> <span class='ocrx_word' id='word_1_265' title='bbox 1879 1464 2192 1515; x_wconf 55' lang='lat' dir='ltr'><strong>nummu.</strong></span> <span class='ocrx_word' id='word_1_266' title='bbox 2220 1460 2325 1513; x_wconf 89' lang='lat' dir='ltr'><strong>En.</strong></span> 
     </span>
    </p>

    <p class='ocr_par' dir='ltr' id='par_1_13' title="bbox 1576 1538 2613 3113">
     <span class='ocr_line' id='line_1_53' title="bbox 1658 1538 2608 1611; baseline -0.005 -16"><span class='ocrx_word' id='word_1_267' title='bbox 1658 1542 1739 1596; x_wconf 87' lang='lat'><strong>18.</strong></span> <span class='ocrx_word' id='word_1_268' title='bbox 1756 1546 1949 1609; x_wconf 78' lang='lat' dir='ltr'><strong>Clupea.</strong></span> <span class='ocrx_word' id='word_1_269' title='bbox 1970 1540 2169 1593; x_wconf 80' lang='lat' dir='ltr'><strong>Civitas</strong></span> <span class='ocrx_word' id='word_1_270' title='bbox 2188 1540 2409 1611; x_wconf 82' lang='lat' dir='ltr'><strong>Clypea,</strong></span> <span class='ocrx_word' id='word_1_271' title='bbox 2424 1538 2608 1603; x_wconf 82' lang='lat' dir='ltr'><strong>Floro,</strong></span> 
     </span>
     <span class='ocr_line' id='line_1_54' title="bbox 1580 1617 2605 1691; baseline 0 -20"><span class='ocrx_word' id='word_1_272' title='bbox 1580 1620 1672 1673; x_wconf 90' lang='lat' dir='ltr'><strong>lib.</strong></span> <span class='ocrx_word' id='word_1_273' title='bbox 1706 1622 1791 1682; x_wconf 90' lang='lat'><strong>11,</strong></span> <span class='ocrx_word' id='word_1_274' title='bbox 1820 1637 1944 1691; x_wconf 89' lang='lat' dir='ltr'><strong>cap.</strong></span> <span class='ocrx_word' id='word_1_275' title='bbox 1973 1638 2023 1672; x_wconf 79' lang='lat'><strong>2.</strong></span> <span class='ocrx_word' id='word_1_276' title='bbox 2067 1618 2265 1690; x_wconf 80' lang='lat' dir='ltr'><strong>Clupea</strong></span> <span class='ocrx_word' id='word_1_277' title='bbox 2297 1617 2477 1682; x_wconf 78' lang='lat' dir='ltr'><strong>Livio,</strong></span> <span class='ocrx_word' id='word_1_278' title='bbox 2512 1618 2605 1671; x_wconf 88' lang='lat' dir='ltr'><strong>lib.</strong></span> 
     </span>
     <span class='ocr_line' id='line_1_55' title="bbox 1580 1697 2608 1770; baseline -0.004 -17"><span class='ocrx_word' id='word_1_279' title='bbox 1580 1698 1795 1753; x_wconf 81' lang='lat' dir='ltr'>XXVII</span> <span class='ocrx_word' id='word_1_280' title='bbox 1814 1737 1830 1763; x_wconf 85' lang='lat'>,</span> <span class='ocrx_word' id='word_1_281' title='bbox 1856 1716 1975 1770; x_wconf 80' lang='lat' dir='ltr'><strong>pag.</strong></span> <span class='ocrx_word' id='word_1_282' title='bbox 2002 1700 2122 1751; x_wconf 85' lang='lat'><strong>310.</strong></span> <span class='ocrx_word' id='word_1_283' title='bbox 2153 1700 2301 1751; x_wconf 87' lang='lat' dir='ltr'><strong>Inter</strong></span> <span class='ocrx_word' id='word_1_284' title='bbox 2332 1697 2608 1770; x_wconf 73' lang='lat' dir='ltr'><strong>episcopos</strong></span> 
     </span>
     <span class='ocr_line' id='line_1_56' title="bbox 1576 1776 2607 1852; baseline -0.006 -20"><span class='ocrx_word' id='word_1_285' title='bbox 1576 1778 1861 1852; x_wconf 66' lang='lat' dir='ltr'><strong>provincias</strong></span> <span class='ocrx_word' id='word_1_286' title='bbox 1906 1796 2031 1829; x_wconf 85' lang='lat' dir='ltr'><strong>mox</strong></span> <span class='ocrx_word' id='word_1_287' title='bbox 2074 1776 2333 1841; x_wconf 66' lang='lat' dir='ltr'><strong>laudato,</strong></span> <span class='ocrx_word' id='word_1_288' title='bbox 2380 1779 2607 1829; x_wconf 74' lang='lat' dir='ltr'><strong>Aur-elius</strong></span> 
     </span>
     <span class='ocr_line' id='line_1_57' title="bbox 1580 1854 2607 1925; baseline -0.004 -14"><span class='ocrx_word' id='word_1_289' title='bbox 1580 1862 1861 1925; x_wconf 73' lang='lat' dir='ltr'><strong>elypiemis.</strong></span> <span class='ocrx_word' id='word_1_290' title='bbox 1900 1854 2059 1909; x_wconf 86' lang='lat' dir='ltr'><strong>Nunc</strong></span> <span class='ocrx_word' id='word_1_291' title='bbox 2105 1859 2326 1921; x_wconf 73' lang='grc' dir='ltr'><strong>Ροζγὸία.</strong></span> <span class='ocrx_word' id='word_1_292' title='bbox 2383 1858 2607 1908; x_wconf 65' lang='lat' dir='ltr'><strong>Dua-{av</strong></span> 
     </span>
     <span class='ocr_line' id='line_1_58' title="bbox 1578 1926 2611 2006; baseline -0.003 -16"><span class='ocrx_word' id='word_1_293' title='bbox 1578 1936 1925 1999; x_wconf 74' lang='lat' dir='ltr'><strong>Ptolemaeua,</strong></span> <span class='ocrx_word' id='word_1_294' title='bbox 1948 1934 2041 1988; x_wconf 85' lang='lat' dir='ltr'><strong>lib.</strong></span> <span class='ocrx_word' id='word_1_295' title='bbox 2084 1936 2185 2000; x_wconf 87' lang='lat' dir='ltr'><strong>IV,</strong></span> <span class='ocrx_word' id='word_1_296' title='bbox 2211 1952 2327 2006; x_wconf 76' lang='lat' dir='ltr'><strong>cap.</strong></span> <span class='ocrx_word' id='word_1_297' title='bbox 2356 1934 2418 1997; x_wconf 90' lang='lat'><strong>3,</strong></span> <span class='ocrx_word' id='word_1_298' title='bbox 2442 1948 2495 1987; x_wconf 91' lang='lat' dir='ltr'><strong>et</strong></span> <span class='ocrx_word' id='word_1_299' title='bbox 2514 1926 2611 1988; x_wconf 64' lang='lat' dir='ltr'><strong>Ae-</strong></span> 
     </span>
     <span class='ocr_line' id='line_1_59' title="bbox 1576 1974 2609 2085; baseline -0.004 -16"><span class='ocrx_word' id='word_1_300' title='bbox 1576 2014 1735 2077; x_wconf 69' lang='grc' dir='ltr'><strong>πίδα,</strong></span> <span class='ocrx_word' id='word_1_301' title='bbox 1756 2033 1854 2069; x_wconf 89' lang='lat' dir='ltr'><strong>ceu</strong></span> <span class='ocrx_word' id='word_1_302' title='bbox 1869 2012 1983 2067; x_wconf 88' lang='lat' dir='ltr'><strong>duo</strong></span> <span class='ocrx_word' id='word_1_303' title='bbox 1996 1974 2189 2085; x_wconf 59' lang='lat' dir='ltr'><strong>oppid:</strong></span> <span class='ocrx_word' id='word_1_304' title='bbox 2208 2014 2490 2085; x_wconf 68' lang='lat' dir='ltr'><strong>separatim</strong></span> <span class='ocrx_word' id='word_1_305' title='bbox 2511 2012 2609 2066; x_wconf 86' lang='lat' dir='ltr'><strong>de·</strong></span> 
     </span>
     <span class='ocr_line' id='line_1_60' title="bbox 1578 2093 2609 2165; baseline -0.003 -18"><span class='ocrx_word' id='word_1_306' title='bbox 1578 2095 1789 2153; x_wconf 73' lang='lat' dir='ltr'><strong>scribit,</strong></span> <span class='ocrx_word' id='word_1_307' title='bbox 1832 2093 2021 2165; x_wconf 74' lang='lat' dir='ltr'><strong>insigni</strong></span> <span class='ocrx_word' id='word_1_308' title='bbox 2057 2108 2279 2145; x_wconf 84' lang='lat' dir='ltr'><strong>errore.</strong></span> <span class='ocrx_word' id='word_1_309' title='bbox 2322 2110 2447 2145; x_wconf 88' lang='lat' dir='ltr'><strong>nam</strong></span> <span class='ocrx_word' id='word_1_310' title='bbox 2488 2109 2609 2164; x_wconf 69' lang='lat' dir='ltr'><strong>quai</strong></span> 
     </span>
     <span class='ocr_line' id='line_1_61' title="bbox 1578 2163 2609 2246; baseline -0.001 -20"><span class='ocrx_word' id='word_1_311' title='bbox 1578 2173 1775 2227; x_wconf 75' lang='lat' dir='ltr'><strong>Graecis</strong></span> <span class='ocrx_word' id='word_1_312' title='bbox 1804 2163 1951 2233; x_wconf 70' lang='grc' dir='ltr'>Ᾱοπις</span> <span class='ocrx_word' id='word_1_313' title='bbox 1968 2170 2109 2225; x_wconf 88' lang='lat' dir='ltr'><strong>dicta</strong></span> <span class='ocrx_word' id='word_1_314' title='bbox 2128 2182 2235 2233; x_wconf 73' lang='lat' dir='ltr'><strong>est,</strong></span> <span class='ocrx_word' id='word_1_315' title='bbox 2264 2184 2323 2224; x_wconf 84' lang='lat' dir='ltr'><strong>ut</strong></span> <span class='ocrx_word' id='word_1_316' title='bbox 2349 2171 2609 2246; x_wconf 80' lang='lat' dir='ltr'><strong>Polybio,</strong></span> 
     </span>
     <span class='ocr_line' id='line_1_62' title="bbox 1577 2250 2610 2324; baseline 0.001 -20"><span class='ocrx_word' id='word_1_317' title='bbox 1577 2252 1673 2305; x_wconf 84' lang='lat' dir='ltr'><strong>lib.</strong></span> <span class='ocrx_word' id='word_1_318' title='bbox 1697 2251 1722 2304; x_wconf 89' lang='grc' dir='ltr'><strong>Ι</strong></span> <span class='ocrx_word' id='word_1_319' title='bbox 1738 2270 1903 2324; x_wconf 78' lang='lat' dir='ltr'><strong>,pag.</strong></span> <span class='ocrx_word' id='word_1_320' title='bbox 1942 2258 2039 2315; x_wconf 69' lang='lat'><strong>42,</strong></span> <span class='ocrx_word' id='word_1_321' title='bbox 2077 2262 2129 2304; x_wconf 91' lang='lat' dir='ltr'><strong>et</strong></span> <span class='ocrx_word' id='word_1_322' title='bbox 2154 2250 2400 2323; x_wconf 77' lang='lat' dir='ltr'><strong>Appiano</strong></span> <span class='ocrx_word' id='word_1_323' title='bbox 2426 2251 2610 2305; x_wconf 81' lang='lat' dir='ltr'><strong>inPn·</strong></span> 
     </span>
     <span class='ocr_line' id='line_1_63' title="bbox 1580 2330 2609 2403; baseline 0 -20"><span class='ocrx_word' id='word_1_324' title='bbox 1580 2330 1686 2383; x_wconf 88' lang='lat' dir='ltr'><strong>nic.</strong></span> <span class='ocrx_word' id='word_1_325' title='bbox 1722 2348 1846 2403; x_wconf 86' lang='lat' dir='ltr'><strong>pag.</strong></span> <span class='ocrx_word' id='word_1_326' title='bbox 1898 2330 1971 2383; x_wconf 89' lang='lat'><strong>3·</strong></span> <span class='ocrx_word' id='word_1_327' title='bbox 1956 2369 1971 2393; x_wconf 90' lang='lat'>‚</span> <span class='ocrx_word' id='word_1_328' title='bbox 1999 2330 2380 2402; x_wconf 81' lang='lat' dir='ltr'><strong>Agathemero,</strong></span> <span class='ocrx_word' id='word_1_329' title='bbox 2410 2330 2609 2402; x_wconf 79' lang='lat' dir='ltr'><strong>Geogr.</strong></span> 
     </span>
     <span class='ocr_line' id='line_1_64' title="bbox 1578 2407 2611 2481; baseline 0.002 -20"><span class='ocrx_word' id='word_1_330' title='bbox 1578 2409 1673 2461; x_wconf 88' lang='lat' dir='ltr'><strong>lib.</strong></span> <span class='ocrx_word' id='word_1_331' title='bbox 1694 2411 1721 2460; x_wconf 96' lang='grc' dir='ltr'><strong>Ι</strong></span> <span class='ocrx_word' id='word_1_332' title='bbox 1739 2446 1755 2472; x_wconf 88' lang='grc'><strong>,</strong></span> <span class='ocrx_word' id='word_1_333' title='bbox 1781 2426 1896 2481; x_wconf 86' lang='lat' dir='ltr'><strong>cap.</strong></span> <span class='ocrx_word' id='word_1_334' title='bbox 1926 2408 1956 2463; x_wconf 82' lang='grc'>5</span> <span class='ocrx_word' id='word_1_335' title='bbox 1974 2448 1988 2473; x_wconf 92' lang='grc'><strong>,</strong></span> <span class='ocrx_word' id='word_1_336' title='bbox 2018 2408 2270 2481; x_wconf 86' lang='lat' dir='ltr'><strong>aliisque,</strong></span> <span class='ocrx_word' id='word_1_337' title='bbox 2294 2407 2477 2463; x_wconf 85' lang='lat' dir='ltr'><strong>eadem</strong></span> <span class='ocrx_word' id='word_1_338' title='bbox 2509 2411 2611 2464; x_wconf 84' lang='lat' dir='ltr'><strong>La-</strong></span> 
     </span>
     <span class='ocr_line' id='line_1_65' title="bbox 1582 2487 2609 2561; baseline 0.003 -22"><span class='ocrx_word' id='word_1_339' title='bbox 1582 2487 1704 2539; x_wconf 79' lang='lat' dir='ltr'><strong>tinis</strong></span> <span class='ocrx_word' id='word_1_340' title='bbox 1730 2488 1932 2561; x_wconf 78' lang='lat' dir='ltr'><strong>Clypea</strong></span> <span class='ocrx_word' id='word_1_341' title='bbox 1962 2488 2077 2541; x_wconf 84' lang='lat' dir='ltr'><strong>fuit.</strong></span> <span class='ocrx_word' id='word_1_342' title='bbox 2100 2488 2341 2555; x_wconf 75' lang='lat' dir='ltr'><strong>solinus,</strong></span> <span class='ocrx_word' id='word_1_343' title='bbox 2367 2507 2416 2542; x_wconf 91' lang='lat' dir='ltr'><strong>c.</strong></span> <span class='ocrx_word' id='word_1_344' title='bbox 2436 2506 2609 2555; x_wconf 74' lang='lat' dir='ltr'><strong>xxvxi,</strong></span> 
     </span>
     <span class='ocr_line' id='line_1_66' title="bbox 1579 2565 2612 2640; baseline 0.002 -21"><span class='ocrx_word' id='word_1_345' title='bbox 1579 2583 1635 2638; x_wconf 89' lang='lat' dir='ltr'><strong>p.</strong></span> <span class='ocrx_word' id='word_1_346' title='bbox 1666 2572 1733 2633; x_wconf 78' lang='grc'><strong>49</strong></span> <span class='ocrx_word' id='word_1_347' title='bbox 1758 2584 1773 2619; x_wconf 90' lang='lat'>:</span> <span class='ocrx_word' id='word_1_348' title='bbox 1805 2592 1831 2614; x_wconf 70' lang='grc' dir='ltr'><strong>α</strong></span> <span class='ocrx_word' id='word_1_349' title='bbox 1850 2565 2106 2640; x_wconf 84' lang='lat' dir='ltr'><strong>Clypeam</strong></span> <span class='ocrx_word' id='word_1_350' title='bbox 2147 2566 2413 2621; x_wconf 77' lang='lat' dir='ltr'><strong>civitatem</strong></span> <span class='ocrx_word' id='word_1_351' title='bbox 2443 2567 2612 2621; x_wconf 87' lang='lat' dir='ltr'><strong>Siculi</strong></span> 
     </span>
     <span class='ocr_line' id='line_1_67' title="bbox 1582 2644 2613 2717; baseline 0.005 -22"><span class='ocrx_word' id='word_1_352' title='bbox 1582 2656 1855 2708; x_wconf 74' lang='lat' dir='ltr'><strong>astruunt,</strong></span> <span class='ocrx_word' id='word_1_353' title='bbox 1880 2658 1933 2699; x_wconf 90' lang='lat' dir='ltr'><strong>et</strong></span> <span class='ocrx_word' id='word_1_354' title='bbox 1958 2644 2157 2717; x_wconf 76' lang='lat' dir='ltr'><strong>Aspida</strong></span> <span class='ocrx_word' id='word_1_355' title='bbox 2184 2646 2417 2715; x_wconf 87' lang='lat' dir='ltr'><strong>primum</strong></span> <span class='ocrx_word' id='word_1_356' title='bbox 2442 2646 2613 2699; x_wconf 88' lang='lat' dir='ltr'><strong>nomi·</strong></span> 
     </span>
     <span class='ocr_line' id='line_1_68' title="bbox 1580 2724 2610 2779; baseline 0.004 -4"><span class='ocrx_word' id='word_1_357' title='bbox 1580 2734 1769 2776; x_wconf 75' lang='lat' dir='ltr'><strong>nam.»-</strong></span> <span class='ocrx_word' id='word_1_358' title='bbox 1806 2726 1849 2775; x_wconf 79' lang='lat' dir='ltr'>A</span> <span class='ocrx_word' id='word_1_359' title='bbox 1875 2724 2041 2776; x_wconf 83' lang='lat' dir='ltr'><strong>forma</strong></span> <span class='ocrx_word' id='word_1_360' title='bbox 2081 2724 2278 2778; x_wconf 73' lang='lat' dir='ltr'><strong>scilicet</strong></span> <span class='ocrx_word' id='word_1_361' title='bbox 2300 2742 2494 2777; x_wconf 84' lang='lat' dir='ltr'><strong>nomen</strong></span> <span class='ocrx_word' id='word_1_362' title='bbox 2520 2744 2610 2779; x_wconf 85' lang='lat' dir='ltr'><strong>ac-</strong></span> 
     </span>
     <span class='ocr_line' id='line_1_69' title="bbox 1580 2802 2611 2877; baseline 0.004 -23"><span class='ocrx_word' id='word_1_363' title='bbox 1580 2802 1719 2873; x_wconf 88' lang='lat' dir='ltr'><strong>cepit</strong></span> <span class='ocrx_word' id='word_1_364' title='bbox 1738 2822 1751 2853; x_wconf 72' lang='grc' dir='ltr'><strong><em>τ</em></strong></span> <span class='ocrx_word' id='word_1_365' title='bbox 1769 2802 1929 2855; x_wconf 77' lang='lat' dir='ltr'><strong>Silius</strong></span> <span class='ocrx_word' id='word_1_366' title='bbox 1956 2803 2073 2855; x_wconf 78' lang='lat' dir='ltr'><strong>Ital.</strong></span> <span class='ocrx_word' id='word_1_367' title='bbox 2099 2804 2191 2855; x_wconf 88' lang='lat' dir='ltr'><strong>lib.</strong></span> <span class='ocrx_word' id='word_1_368' title='bbox 2208 2805 2236 2856; x_wconf 91' lang='grc' dir='ltr'><strong>Ι</strong></span> <span class='ocrx_word' id='word_1_369' title='bbox 2254 2821 2269 2857; x_wconf 74' lang='lat' dir='ltr'><strong>t</strong></span> <span class='ocrx_word' id='word_1_370' title='bbox 2288 2806 2465 2857; x_wconf 70' lang='lat' dir='ltr'><strong>«Tum</strong></span> <span class='ocrx_word' id='word_1_371' title='bbox 2490 2824 2611 2877; x_wconf 69' lang='lat' dir='ltr'><strong>qun</strong></span> 
     </span>
     <span class='ocr_line' id='line_1_70' title="bbox 1578 2880 2609 2952; baseline 0.001 -17"><span class='ocrx_word' id='word_1_372' title='bbox 1578 2882 1789 2935; x_wconf 86' lang='lat' dir='ltr'><strong>Sicanio</strong></span> <span class='ocrx_word' id='word_1_373' title='bbox 1810 2880 2087 2952; x_wconf 78' lang='lat' dir='ltr'><strong>praecinxit</strong></span> <span class='ocrx_word' id='word_1_374' title='bbox 2124 2880 2300 2935; x_wconf 82' lang='lat' dir='ltr'><strong>littora</strong></span> <span class='ocrx_word' id='word_1_375' title='bbox 2330 2900 2485 2935; x_wconf 84' lang='lat' dir='ltr'><strong>muro</strong></span> <span class='ocrx_word' id='word_1_376' title='bbox 2502 2922 2518 2945; x_wconf 79' lang='grc'><strong>,</strong></span> <span class='ocrx_word' id='word_1_377' title='bbox 2544 2885 2609 2937; x_wconf 89' lang='lat' dir='ltr'><strong>In</strong></span> 
     </span>
     <span class='ocr_line' id='line_1_71' title="bbox 1579 2960 2610 3033; baseline 0.004 -20"><span class='ocrx_word' id='word_1_378' title='bbox 1579 2960 1749 3033; x_wconf 83' lang='lat' dir='ltr'><strong>clypei</strong></span> <span class='ocrx_word' id='word_1_379' title='bbox 1808 2962 2038 3032; x_wconf 76' lang='lat' dir='ltr'><strong>speciem</strong></span> <span class='ocrx_word' id='word_1_380' title='bbox 2090 2961 2321 3015; x_wconf 73' lang='lat' dir='ltr'><strong>curvatis</strong></span> <span class='ocrx_word' id='word_1_381' title='bbox 2374 2962 2610 3017; x_wconf 72' lang='lat' dir='ltr'><strong>turribus</strong></span> 
     </span>
     <span class='ocr_line' id='line_1_72' title="bbox 1584 3040 2536 3113; baseline -0.002 -21"><span class='ocrx_word' id='word_1_382' title='bbox 1584 3042 1751 3113; x_wconf 69' lang='lat' dir='ltr'><strong>Aspis.</strong></span> <span class='ocrx_word' id='word_1_383' title='bbox 1766 3066 1791 3087; x_wconf 77' lang='grc' dir='ltr'><strong>ι-</strong></span> <span class='ocrx_word' id='word_1_384' title='bbox 1828 3040 2013 3095; x_wconf 70' lang='grc' dir='ltr'><strong>Ηηι).</strong></span> <span class='ocrx_word' id='word_1_385' title='bbox 2037 3072 2102 3082; x_wconf 90' lang='grc'>-</span> <span class='ocrx_word' id='word_1_386' title='bbox 2126 3040 2282 3093; x_wconf 85' lang='lat' dir='ltr'><strong>Nune</strong></span> <span class='ocrx_word' id='word_1_387' title='bbox 2310 3045 2536 3093; x_wconf 78' lang='lat' dir='ltr'><strong>Aclebia.</strong></span> 
     </span>
    </p>

    <p class='ocr_par' dir='ltr' id='par_1_14' title="bbox 1581 3118 2607 3330">
     <span class='ocr_line' id='line_1_73' title="bbox 1654 3118 2607 3188; baseline 0 -15"><span class='ocrx_word' id='word_1_388' title='bbox 1654 3138 1735 3188; x_wconf 81' lang='lat'><strong>19.</strong></span> <span class='ocrx_word' id='word_1_389' title='bbox 1750 3126 1809 3171; x_wconf 81' lang='lat' dir='ltr'><strong>In</strong></span> <span class='ocrx_word' id='word_1_390' title='bbox 1824 3122 2161 3186; x_wconf 65' lang='lat' dir='ltr'><strong>promontorio</strong></span> <span class='ocrx_word' id='word_1_391' title='bbox 2181 3123 2427 3171; x_wconf 65' lang='lat' dir='ltr'><strong>Merum-ii.</strong></span> <span class='ocrx_word' id='word_1_392' title='bbox 2446 3118 2607 3185; x_wconf 81' lang='lat' dir='ltr'><strong>Quod</strong></span> 
     </span>
     <span class='ocr_line' id='line_1_74' title="bbox 1581 3202 2607 3270; baseline 0.003 -21"><span class='ocrx_word' id='word_1_393' title='bbox 1581 3214 1728 3250; x_wconf 88' lang='lat' dir='ltr'><strong>nunc</strong></span> <span class='ocrx_word' id='word_1_394' title='bbox 1749 3208 1969 3251; x_wconf 79' lang='lat' dir='ltr'><strong>vocatur</strong></span> <span class='ocrx_word' id='word_1_395' title='bbox 2000 3202 2104 3266; x_wconf 77' lang='lat' dir='ltr'><strong>Cap</strong></span> <span class='ocrx_word' id='word_1_396' title='bbox 2142 3204 2313 3265; x_wconf 76' lang='lat' dir='ltr'><strong>Bona,</strong></span> <span class='ocrx_word' id='word_1_397' title='bbox 2354 3210 2415 3251; x_wconf 86' lang='lat' dir='ltr'><strong>ut</strong></span> <span class='ocrx_word' id='word_1_398' title='bbox 2447 3218 2607 3270; x_wconf 73' lang='lat' dir='ltr'><strong>supra</strong></span> 
     </span>
     <span class='ocr_line' id='line_1_75' title="bbox 1584 3276 2111 3330; baseline 0.004 -2"><span class='ocrx_word' id='word_1_399' title='bbox 1584 3276 1905 3329; x_wconf 73' lang='lat' dir='ltr'><strong>monuimus.</strong></span> <span class='ocrx_word' id='word_1_400' title='bbox 1932 3276 2111 3330; x_wconf 62' lang='lat' dir='ltr'><strong>Hann.</strong></span> 
     </span>
    </p>

    <p class='ocr_par' dir='ltr' id='par_1_15' title="bbox 1574 3356 2610 4119">
     <span class='ocr_line' id='line_1_76' title="bbox 1655 3356 2608 3420; baseline 0.002 -13"><span class='ocrx_word' id='word_1_401' title='bbox 1655 3374 1736 3409; x_wconf 65' lang='grc' dir='ltr'><strong>πο.</strong></span> <span class='ocrx_word' id='word_1_402' title='bbox 1768 3358 1979 3409; x_wconf 76' lang='lat' dir='ltr'><strong>Curubis.</strong></span> <span class='ocrx_word' id='word_1_403' title='bbox 2022 3356 2342 3420; x_wconf 69' lang='lat' dir='ltr'><strong>Ptolemaeo‚</strong></span> <span class='ocrx_word' id='word_1_404' title='bbox 2383 3356 2475 3409; x_wconf 91' lang='lat' dir='ltr'><strong>lib.</strong></span> <span class='ocrx_word' id='word_1_405' title='bbox 2514 3356 2608 3420; x_wconf 81' lang='lat' dir='ltr'><strong>lv,</strong></span> 
     </span>
     <span class='ocr_line' id='line_1_77' title="bbox 1580 3432 2609 3509; baseline 0.004 -24"><span class='ocrx_word' id='word_1_406' title='bbox 1580 3451 1695 3506; x_wconf 86' lang='lat' dir='ltr'><strong>cap.</strong></span> <span class='ocrx_word' id='word_1_407' title='bbox 1722 3435 1781 3497; x_wconf 89' lang='lat'><strong>3,</strong></span> <span class='ocrx_word' id='word_1_408' title='bbox 1822 3432 2073 3507; x_wconf 63' lang='lat' dir='ltr'><strong>Koupoetc,</strong></span> <span class='ocrx_word' id='word_1_409' title='bbox 2108 3437 2247 3489; x_wconf 86' lang='lat' dir='ltr'><strong>inter</strong></span> <span class='ocrx_word' id='word_1_410' title='bbox 2271 3437 2526 3509; x_wconf 84' lang='lat' dir='ltr'><strong>Clypeam</strong></span> <span class='ocrx_word' id='word_1_411' title='bbox 2554 3448 2609 3489; x_wconf 87' lang='lat' dir='ltr'><strong>et</strong></span> 
     </span>
     <span class='ocr_line' id='line_1_78' title="bbox 1580 3514 2605 3589; baseline 0.004 -24"><span class='ocrx_word' id='word_1_412' title='bbox 1580 3514 1855 3586; x_wconf 80' lang='lat' dir='ltr'><strong>Neapolim</strong></span> <span class='ocrx_word' id='word_1_413' title='bbox 1868 3552 1884 3577; x_wconf 85' lang='lat'>‚</span> <span class='ocrx_word' id='word_1_414' title='bbox 1901 3514 2083 3567; x_wconf 79' lang='lat' dir='ltr'><strong>exsilio</strong></span> <span class='ocrx_word' id='word_1_415' title='bbox 2096 3514 2151 3569; x_wconf 88' lang='lat' dir='ltr'><strong>S.</strong></span> <span class='ocrx_word' id='word_1_416' title='bbox 2168 3516 2423 3589; x_wconf 82' lang='lat' dir='ltr'><strong>Cypriani</strong></span> <span class='ocrx_word' id='word_1_417' title='bbox 2442 3514 2605 3569; x_wconf 75' lang='lat' dir='ltr'><strong>clara:</strong></span> 
     </span>
     <span class='ocr_line' id='line_1_79' title="bbox 1580 3592 2610 3665; baseline 0.002 -20"><span class='ocrx_word' id='word_1_418' title='bbox 1580 3594 1731 3665; x_wconf 71' lang='lat' dir='ltr'><strong>cujus</strong></span> <span class='ocrx_word' id='word_1_419' title='bbox 1753 3592 1807 3645; x_wconf 90' lang='lat' dir='ltr'><strong>in</strong></span> <span class='ocrx_word' id='word_1_420' title='bbox 1833 3594 1976 3646; x_wconf 71' lang='lat' dir='ltr'><strong>Actia</strong></span> <span class='ocrx_word' id='word_1_421' title='bbox 2002 3596 2171 3645; x_wconf 78' lang='lat' dir='ltr'><strong>civicas</strong></span> <span class='ocrx_word' id='word_1_422' title='bbox 2198 3597 2499 3645; x_wconf 73' lang='lat' dir='ltr'><strong>Cunsbieana</strong></span> <span class='ocrx_word' id='word_1_423' title='bbox 2528 3592 2610 3647; x_wconf 84' lang='lat' dir='ltr'><strong>di-</strong></span> 
     </span>
     <span class='ocr_line' id='line_1_80' title="bbox 1578 3669 2610 3744; baseline 0.003 -23"><span class='ocrx_word' id='word_1_424' title='bbox 1578 3669 1737 3723; x_wconf 84' lang='lat' dir='ltr'><strong>citur.</strong></span> <span class='ocrx_word' id='word_1_425' title='bbox 1777 3671 2035 3729; x_wconf 74' lang='lat' dir='ltr'><strong>Curubitn</strong></span> <span class='ocrx_word' id='word_1_426' title='bbox 2080 3672 2376 3725; x_wconf 79' lang='lat' dir='ltr'><strong>Antoninus</strong></span> <span class='ocrx_word' id='word_1_427' title='bbox 2406 3670 2610 3744; x_wconf 82' lang='lat' dir='ltr'><strong>pariter</strong></span> 
     </span>
     <span class='ocr_line' id='line_1_81' title="bbox 1576 3750 2609 3825; baseline 0.001 -21"><span class='ocrx_word' id='word_1_428' title='bbox 1576 3753 1633 3805; x_wconf 88' lang='lat' dir='ltr'><strong>in</strong></span> <span class='ocrx_word' id='word_1_429' title='bbox 1666 3751 1947 3823; x_wconf 76' lang='lat' dir='ltr'><strong>Zeugitana</strong></span> <span class='ocrx_word' id='word_1_430' title='bbox 1972 3750 2146 3815; x_wconf 88' lang='lat' dir='ltr'><strong>locat,</strong></span> <span class='ocrx_word' id='word_1_431' title='bbox 2173 3770 2201 3803; x_wconf 81' lang='lat' dir='ltr'><strong>a</strong></span> <span class='ocrx_word' id='word_1_432' title='bbox 2238 3753 2467 3825; x_wconf 79' lang='lat' dir='ltr'><strong>Clypea,</strong></span> <span class='ocrx_word' id='word_1_433' title='bbox 2496 3766 2609 3805; x_wconf 76' lang='lat' dir='ltr'><strong>xxx</strong></span> 
     </span>
     <span class='ocr_line' id='line_1_82' title="bbox 1574 3829 2605 3903; baseline 0.002 -24"><span class='ocrx_word' id='word_1_434' title='bbox 1574 3829 1707 3881; x_wconf 86' lang='lat' dir='ltr'><strong>mill.</strong></span> <span class='ocrx_word' id='word_1_435' title='bbox 1744 3847 2035 3901; x_wconf 72' lang='lat' dir='ltr'><strong>passuum:</strong></span> <span class='ocrx_word' id='word_1_436' title='bbox 2074 3848 2103 3882; x_wconf 85' lang='lat' dir='ltr'><strong>a</strong></span> <span class='ocrx_word' id='word_1_437' title='bbox 2141 3830 2369 3903; x_wconf 86' lang='lat' dir='ltr'><strong>Neapoli</strong></span> <span class='ocrx_word' id='word_1_438' title='bbox 2404 3847 2503 3882; x_wconf 73' lang='grc' dir='ltr'><strong>ιιι.</strong></span> <span class='ocrx_word' id='word_1_439' title='bbox 2538 3830 2605 3890; x_wconf 80' lang='grc' dir='ltr'><strong>Η,</strong></span> 
     </span>
     <span class='ocr_line' id='line_1_83' title="bbox 1575 3909 2609 3981; baseline 0.001 -21"><span class='ocrx_word' id='word_1_440' title='bbox 1575 3938 1646 3949; x_wconf 83' lang='lat'><em>-</em></span> <span class='ocrx_word' id='word_1_441' title='bbox 1672 3910 1994 3962; x_wconf 86' lang='lat' dir='ltr'><strong>Etiamnunc</strong></span> <span class='ocrx_word' id='word_1_442' title='bbox 2012 3909 2217 3981; x_wconf 81' lang='lat' dir='ltr'><strong>antiqui</strong></span> <span class='ocrx_word' id='word_1_443' title='bbox 2244 3910 2479 3962; x_wconf 76' lang='lat' dir='ltr'><strong>nominis</strong></span> <span class='ocrx_word' id='word_1_444' title='bbox 2502 3928 2609 3961; x_wconf 72' lang='lat' dir='ltr'><strong>aer-</strong></span> 
     </span>
     <span class='ocr_line' id='line_1_84' title="bbox 1574 3986 2604 4058; baseline -0.001 -18"><span class='ocrx_word' id='word_1_445' title='bbox 1574 3998 1665 4040; x_wconf 80' lang='lat' dir='ltr'><strong>vat</strong></span> <span class='ocrx_word' id='word_1_446' title='bbox 1695 3986 1908 4058; x_wconf 68' lang='lat' dir='ltr'><strong>vestigia</strong></span> <span class='ocrx_word' id='word_1_447' title='bbox 1941 3992 2147 4055; x_wconf 76' lang='lat' dir='ltr'><strong>Gur-bis,</strong></span> <span class='ocrx_word' id='word_1_448' title='bbox 2188 4000 2401 4043; x_wconf 82' lang='lat' dir='ltr'><strong>auctore</strong></span> <span class='ocrx_word' id='word_1_449' title='bbox 2436 3990 2604 4040; x_wconf 72' lang='lat' dir='ltr'><strong>n&#39;An-</strong></span> 
     </span>
     <span class='ocr_line' id='line_1_85' title="bbox 1576 4064 2311 4119; baseline 0.004 -3"><span class='ocrx_word' id='word_1_450' title='bbox 1576 4082 1754 4119; x_wconf 73' lang='lat' dir='ltr'><strong>vinu.</strong></span> <span class='ocrx_word' id='word_1_451' title='bbox 1780 4066 1885 4119; x_wconf 84' lang='lat' dir='ltr'><strong>En.</strong></span> <span class='ocrx_word' id='word_1_452' title='bbox 2288 4064 2311 4101; x_wconf 53' lang='grc' dir='ltr'>ἵ</span> 
     </span>
    </p>
   </div>
  </div>
 </body>
</html>
