2950 5017
570 487 661 531 22

1096 464 1177 529 C.
1238 462 1580 528 PLINII
1638 460 1858 528 NAT.
1919 463 2181 530 HIST.

564 597 652 663 Et
678 594 911 664 dextra
936 581 1011 681 ⁷⁶,
1034 594 1439 681 Corduba⁷⁷‚
1465 590 1724 662 colonia
1759 594 2060 663 Patriciae
2088 596 2488 687 cognomine
2519 621 2534 661 :
2565 595 2720 664 inde

561 703 853 796 primum
892 699 1250 795 navigabili
1292 703 1475 770 Baeti.
1517 700 1787 795 Oppida
1825 727 1838 767 :
1883 687 2268 788 Carbula⁷⁸‚
2291 704 2596 771 Decuma
2619 700 2716 769 ⁷⁹:

562 808 807 878 fluvius
824 794 875 833 ⁸⁰
914 806 1201 903 Singulis
1220 861 1239 894 ‚
1266 807 1501 877 eodem
1529 808 1723 875 Baetis
1759 806 1964 876 latere
1990 808 2323 878 incedens.
2539 846 2566 879 x

674 914 943 1011 Oppida
971 914 1376 1010 Hispalensis
1412 928 1822 983 conventus:
1856 901 2120 1003 Celti⁸¹‚
2145 918 2324 985 Arua
2343 970 2361 1001 ,
2391 918 2719 1001 Canama,

561 1173 755 1227 Onoba
783 1191 1079 1244 cognomen
1098 1172 1429 1225 Martialium
1444 1207 1460 1234 ‚
1478 1188 1588 1243 quo

559 1255 629 1306 ab
655 1253 849 1307 Onoba
870 1252 1159 1315 AEstuarin‚
1187 1249 1257 1304 de
1287 1270 1393 1324 qua
1424 1270 1588 1322 supe-

559 1334 673 1386 rius
696 1332 927 1387 diximus
944 1371 960 1398 ,
990 1331 1410 1397 discerneretur,
1442 1328 1586 1385 haud

560 1413 717 1467 aliter
752 1414 1019 1484 accepisse
1054 1410 1269 1465 videtur
1302 1429 1367 1465 ac
1402 1412 1590 1465 Narbo

561 1494 822 1555 Martius,
856 1494 913 1545 in
942 1492 1119 1545 Gallia
1154 1492 1526 1555 Narbonensi,
1559 1510 1592 1545 a

562 1574 753 1627 Martia
767 1612 782 1641 ,
810 1587 871 1627 ut
892 1571 1205 1627 Harduinus
1226 1572 1329 1635 ait,
1356 1572 1593 1644 legione,

561 1672 681 1725 quas
710 1672 775 1707 eo
808 1652 1037 1708 deducta
1072 1652 1286 1706 colonia
1314 1665 1409 1705 est.
1438 1653 1595 1723 Igno·

560 1746 719 1789 ratur
754 1746 935 1788 autem
972 1734 1133 1805 hujus
1175 1730 1369 1805 oppidi
1407 1732 1594 1799 locus,

566 1816 661 1886 qui
688 1813 759 1868 ad
788 1813 997 1867 flumen
1029 1812 1425 1885 Guadalquivir,
1456 1814 1594 1867 levo

565 1896 754 1960 latere,
772 1907 915 1949 certe
936 1890 1291 1965 requirendus
1314 1906 1409 1946 est.
1432 1893 1536 1945 En.

650 1978 745 2045 76.
788 1975 867 2027 Ee
906 1974 1097 2027 dextra.
1140 1974 1207 2025 In
1247 1971 1368 2043 ripa
1408 1972 1598 2038 fluvii,

566 2072 686 2128 qun
711 2056 1151 2126 septemtrionem
1182 2064 1399 2123 spectat.
1430 2054 1538 2106 En.

650 2154 745 2206 77.
773 2133 1032 2199 Corduba,
1055 2134 1245 2186 colonia
1256 2133 1494 2185 Patriciae
1517 2152 1601 2185 eo-

565 2221 808 2285 gnomine.
840 2214 1033 2277 Dalec„
1050 2225 1105 2267 et
1138 2212 1251 2265 Elz.
1278 2214 1469 2265 colonia
1494 2212 1602 2265 Pa-

570 2298 712 2347 tricia
738 2296 1099 2365 cognominata.
1131 2294 1193 2345 In
1226 2311 1459 2346 nummo
1489 2295 1601 2347 Au-

569 2376 707 2445 gusti
736 2374 991 2427 Comma
1018 2374 1305 2431 pumen.
1340 2371 1602 2427 Corduba

568 2468 749 2509 autem
806 2456 874 2507 ab
930 2452 1181 2527 Hispanis
1234 2454 1393 2507 etiam
1453 2472 1602 2508 nunc

573 2534 801 2589 cordoba
816 2572 834 2599 ‚
858 2533 1011 2605 regni
1036 2532 1380 2605 cognominis
1408 2546 1599 2605 caput,

568 2634 599 2669 a
625 2615 794 2669 Gallis
820 2615 1044 2669 Cot-douc
1065 2624 1303 2667 vocatur.
1330 2614 1435 2667 En.

648 2699 745 2765 78.
793 2695 1030 2749 Carbula.
1062 2697 1141 2748 Ita
1172 2693 1323 2747 MSS.
1365 2694 1495 2764 neg.
1537 2712 1558 2745 ι
1580 2730 1596 2760 ,

574 2794 639 2843 2,
672 2789 771 2831 etc.
816 2787 872 2829 et
912 2776 969 2829 in
1008 2792 1233 2828 nummo
1272 2774 1501 2845 antiquo
1531 2792 1598 2826 ex

568 2873 671 2908 ore
684 2894 701 2921 ,
730 2854 879 2927 apud
898 2856 957 2908 P.
976 2852 1313 2908 Ludovicum
1337 2854 1546 2907 Ionam·
1567 2872 1598 2905 e

567 2934 831 2989 Societate
884 2948 1097 3000 nostra,
1148 2952 1397 2987 cunnum
1417 2972 1435 2999 ‚
1486 2950 1598 2987 non

571 3016 804 3070 Corbulo.
834 3016 1088 3070 Cas-ulam
1115 3014 1177 3067 in
1208 3013 1404 3067 Baetica
1436 3014 1600 3067 babet

564 3096 903 3159 Antoninus,
926 3092 1020 3149 sed
1044 3094 1239 3166 Ilipam
1258 3095 1400 3147 inter
1420 3108 1472 3147 et
1493 3094 1596 3146 Hi-

563 3176 754 3247 spalim
783 3194 797 3229 z
828 3192 995 3248 quare
1022 3193 1131 3227 non
1160 3187 1239 3229 est
1266 3174 1427 3245 hujus
1449 3174 1554 3227 loci
1581 3216 1597 3241 ‚

564 3274 874 3329 quanquam
912 3255 1066 3309 aliter
1086 3254 1281 3307 S‘uritae
1303 3255 1477 3308 visum
1493 3294 1512 3319 ‚
1539 3255 1596 3309 in

561 3338 763 3390 Anton.
794 3336 979 3389 Itiner.
1004 3353 1125 3406 pag·
1156 3334 1267 3388 562
1283 3372 1301 3398 ‚
1326 3347 1380 3388 et
1395 3332 1597 3389 Roder.

564 3418 723 3484 Caro,
742 3417 841 3470 lib.
858 3417 963 3482 111,
982 3417 1067 3467 An
1076 3428 1112 3467 t.
1127 3415 1335 3485 Hispal.
1348 3433 1395 3469 c.
1412 3420 1508 3484 49.
1523 3416 1590 3469 Η.

642 3515 735 3567 79.
756 3498 991 3549 Decuma.
1008 3494 1236 3549 InMSS.
1256 3496 1321 3547 R.
1346 3513 1398 3559 1,
1419 3513 1472 3561 2,
1492 3508 1594 3550 etc.

559 3577 792 3632 Detumo.
806 3577 967 3631 Forte
980 3575 1235 3639 Ducenda,
1248 3575 1331 3628 vel
1340 3574 1592 3628 Detumo.

524 3658 535 3667 '
558 3657 697 3711 Nam
718 3696 733 3722 ,
775 3670 838 3711 ut
877 3656 1143 3709 Barbarus
1188 3654 1494 3721 adnotavit,
1532 3656 1592 3710 in

558 3736 663 3790 hoc
694 3738 814 3808 ipso
837 3736 1045 3789 Baeticoe
1076 3748 1274 3800 tmctu,
1306 3734 1445 3788 inter
1476 3754 1590 3789 me·

557 3817 857 3870 diterranea
878 3814 1252 3869 Turdulorum
1274 3813 1477 3886 oppida
1499 3822 1593 3872 Δη-

555 3892 745 3951 τοῦνδα.
777 3915 807 3949 a
828 3896 1054 3949 Ptolem.
1088 3896 1417 3961 nominatur,
1442 3894 1590 3949 haud

554 3978 745 4047 procul
764 3977 943 4030 Sacili.
966 3976 1147 4028 Hsan.
1170 4006 1252 4019 —-
1271 3976 1447 4029 Urbes
1464 3978 1590 4030 Car-

554 4056 680 4110 bula
700 4070 751 4110 et
779 4058 1044 4119 Decuma,
1070 4074 1199 4127 quas
1225 4052 1411 4109 eodem
1432 4056 1591 4110 Betis

551 4132 714 4190 latere
728 4156 837 4207 quo
852 4137 1044 4189 fluvius
1055 4136 1286 4207 Singulis
1304 4136 1455 4207 ponit
1474 4136 1586 4188 No-

1828 1125 1857 1141 x

1679 1183 1806 1235 ster,
1825 1172 1963 1224 inter
1988 1171 2212 1225 flumina
2232 1186 2374 1225 certe
2397 1172 2588 1243 posite
2611 1172 2722 1227 fue-

1679 1263 1842 1315 runt;
1875 1251 2007 1305 situs
2031 1270 2156 1304 vero
2188 1251 2476 1323 ignoratur.
2503 1254 2608 1305 En.

1759 1331 1849 1385 80.
1871 1331 2072 1383 Flavius
2101 1330 2343 1403 Singulis,
2380 1333 2542 1385 eodem
2559 1332 2717 1386 Boetis

1681 1410 1830 1463 latere
1845 1412 2079 1465 incedens.
2091 1413 2271 1465 Dalec.
2283 1426 2336 1466 et
2345 1412 2459 1465 Elz.
2481 1414 2714 1468 incidens.

1678 1491 1784 1545 Hic
1834 1505 2012 1544 autem
2052 1491 2271 1554 fluvius,
2309 1493 2402 1563 qui
2448 1493 2582 1545 loevo
2620 1513 2712 1547 seu

1681 1569 2020 1625 meridionali
2041 1573 2196 1625 Betis
2215 1573 2399 1634 latere,
2429 1586 2488 1625 ut
2505 1573 2579 1626 ait
2600 1573 2713 1625 No-

1680 1665 1805 1717 ster,
1824 1650 2048 1718 incedit,
2071 1652 2235 1707 hodie
2255 1652 2422 1710 Gaul,
2451 1671 2548 1705 seu
2565 1654 2728 1705 Xenil

1680 1744 1917 1786 vocatur.
1947 1733 2054 1787 En.

1767 1814 1861 1865 81.
1893 1810 2025 1866 Celei
2039 1852 2054 1875 ‚
2084 1815 2230 1867 Arna
2248 1851 2263 1878 ,
2293 1812 2540 1879 Canama,
2564 1814 2721 1868 Em'a.

1685 1892 1796 1945 Vix
1815 1892 1954 1946 ullus
1983 1905 2062 1947 est
2083 1894 2140 1946 in
2169 1894 2274 1946 hoc
2303 1910 2468 1965 opere
2481 1894 2720 1965 Geogra·

1687 1972 1850 2043 phico
1888 1972 2037 2027 locus
2065 1974 2123 2025 in
2159 1992 2268 2045 quo
2292 1973 2533 2027 'atrocius
2573 1993 2723 2045 gras·

1689 2064 1797 2105 sata
1841 2050 1909 2105 sit
1952 2054 2398 2125 interpolatorum
2437 2052 2640 2120 libido,
2669 2069 2724 2109 et

1690 2131 2009 2187 emendandi
2045 2133 2268 2205 prurigo
2284 2171 2301 2199 ‚
2337 2152 2458 2205 quae
2486 2131 2725 2187 eruditos

1689 2211 1846 2265 etium
1860 2213 2008 2266 viros
2023 2212 2296 2267 interdum
2313 2226 2472 2267 tenet.
2490 2214 2554 2265 In
2567 2213 2720 2267 MSS.

1691 2294 1822 2363 Reg.
1843 2310 1866 2345 ι
1886 2331 1902 2358 ,
1925 2314 1977 2359 2,
2000 2292 2154 2347 Colb.
2171 2307 2224 2346 et
2241 2294 2403 2347 Paris.
2419 2292 2718 2355 Celtiamva,

1696 2372 1940 2433 Comana.
1974 2374 2134 2426 AEva.
2171 2380 2237 2426 In
2276 2371 2406 2428 edit.
2443 2380 2722 2440 Romana,

1691 2452 1868 2506 Parm.
1892 2453 2126 2507 Froben.
2147 2454 2337 2507 Gelen.
2350 2453 2577 2525 aliisque
2596 2468 2723 2509 ante

1689 2532 2094 2605 Dalecampium
2121 2534 2340 2587 Celsine«
2357 2572 2374 2599 .,
2400 2535 2457 2586 V
2451 2554 2690 2587 «cumana
2707 2574 2722 2599 ‚

1688 2613 1863 2666 Aeria.
1881 2613 2178 2667 Numerum
2203 2612 2536 2685 oppidorum
2557 2616 2724 2679 auxit,

1687 2694 2100 2765 immutavitque
2114 2692 2312 2747 deinde
2328 2695 2726 2765 Dalccampius:

1693 2772 1882 2826 Celtica
1899 2812 1915 2839 ‚
1939 2775 2192 2828 Axatia'm
2207 2811 2222 2832 ,
2253 2775 2440 2827 Art-uei
2449 2812 2466 2839 ,
2489 2774 2718 2828 Menoba.

1687 2852 1912 2925 Ecquod
1941 2854 2000 2906 in
2037 2854 2121 2907 his
2154 2855 2330 2909 verbis
2363 2856 2558 2907 veteris
2589 2856 2722 2909 sex-i-

1686 2946 1861 3005 pturae
1909 2934 2190 3005 vestigium
2215 2934 2239 2986 Ρ
2271 2933 2471 2989 Roder.
2517 2936 2689 2989 Carus
2707 2974 2724 3000 ‚

1685 3013 1780 3067 lib.
1813 3016 1916 3067 111.
1951 3015 2136 3085 Antiq.
2165 3015 2368 3088 Hispal.
2403 3033 2522 3087 cap.
2559 3017 2623 3081 3,
2655 3018 2726 3078 8.

1688 3107 1742 3147 et
1785 3114 1818 3164 9
1861 3094 2020 3165 legit,
2061 3096 2248 3148 Celsita
2267 3138 2282 3160 ,
2323 3096 2518 3161 Axati,
2549 3097 2727 3161 Arm,

1689 3174 1908 3238 Arucci,
1957 3176 2204 3241 Maenoba,
2231 3176 2504 3235 =Canama‚
2568 3176 2720 3229 Aria.

1688 3254 1938 3308 Nostram
1981 3254 2408 3311 emendationem
2448 3256 2724 3327 potiorem

1686 3334 1770 3388 his
1784 3336 2038 3389 omnibus
2056 3352 2169 3389 esse
2191 3355 2302 3389 non
2325 3334 2488 3389 modo
2507 3337 2715 3408 prisco·

1683 3434 1805 3469 rum
1831 3413 2082 3469 codicum
2111 3416 2333 3487 vestigia
2364 3416 2480 3488 ipsa
2509 3416 2716 3469 confir-

1684 3509 1849 3561 mant,
1867 3496 1954 3549 vix
1972 3496 2085 3548 ullo
2101 3495 2212 3569 fere
2231 3496 2384 3567 apice
2402 3496 2722 3561 immutate,

1683 3573 1777 3629 sed
1813 3587 1866 3629 et
1903 3575 2282 3647 inscriptiones
2313 3588 2550 3642 veteres,
2587 3594 2722 3649 quas

1683 3654 1850 3709 modo
1881 3657 2092 3709 allaturi
2115 3676 2318 3709 sumus.
2346 3657 2545 3721 Axati,
2571 3667 2724 3709 certe

1679 3747 1735 3787 et
1761 3736 1947 3789 Arucci
1967 3737 2352 3808 expunximus,
2383 3735 2534 3807 quod
2559 3734 2627 3789 de
2649 3735 2718 3789 iis

1675 3813 1802 3869 libri
1841 3834 2027 3869 omnes
2071 3816 2332 3870 conditivi
2371 3817 2528 3871 silent
2565 3834 2580 3868 ε
2617 3816 2722 3869 etsi

1678 3915 1792 3950 non
1823 3916 1909 3950 me
1947 3898 2184 3968 praterit
2214 3896 2502 3969 Municipii
2541 3895 2720 3949 Flavii

1677 3977 1977 4039 Axatitani..
2006 3989 2060 4030 et
2077 3976 2322 4030 Civitatis
2349 3977 2715 4035 Aruccitann‚

1677 4055 1823 4128 apud
1866 4058 2166 4111 Gruterum
2199 4057 2256 4109 in
2301 4057 2550 4129 Inscript-
2591 4056 2712 4109 fieri

1680 4138 2002 4191 mentionem
2017 4174 2034 4203 ,
2052 4156 2170 4209 pag.
2200 4144 2230 4201 4
2241 4137 2308 4190 32
2329 4178 2344 4203 ,
2363 4151 2416 4193 et
2434 4156 2556 4211 pag.
2579 4137 2710 4191 238.
