2950 5017
586 452 686 544 94

1114 446 1189 513 C.
1248 443 1594 511 PLINII
1651 440 1870 509 NAT.
1929 442 2188 509 HIST.

586 583 766 663 tin0‚
822 580 977 648 item
1034 578 1361 662 Hernico,
1414 576 1571 643 item
1630 575 1967 643 Labicano
2021 574 2470 668 cognominati

2527 600 2539 641 :
2599 577 2734 642 Bo-

586 670 859 771 villae²³‚
908 670 1277 769 Calatiae²⁴‚
1326 683 1646 751 Casinum
1671 667 1756 769 ²⁵,
1805 666 2224 767 Calenum'⁶‚
2275 679 2664 775 Capitulum
2685 678 2732 717 ²⁷

586 792 983 875 Hernicum,
1024 790 1353 859 Cereatini
1404 790 1518 882 qui
1561 789 1848 858 Mariani
1867 774 1914 811 '⁸
1961 788 2564 881 cognominantur‘:
2599 790 2738 856 Co—

590 901 732 968 rani
751 896 799 935 ²⁹
843 922 883 965 a
917 895 1237 965 Dardano
1274 896 1565 988 Trojano
1600 896 1727 964 orti
1761 921 1776 963 :
1819 893 2267 979 Cubulterini‚
2304 879 2356 918 ³⁰
2373 893 2741 963 Castrimo-

590 1128 686 1180 lib.
718 1126 805 1189 11,
830 1143 946 1195 cap.
974 1124 1043 1192 39
1066 1162 1081 1187 ,
1109 1134 1163 1177 et
1186 1123 1287 1184 IV,
1305 1128 1402 1191 47,
1425 1122 1627 1174 incolas

590 1206 885 1260 Labicanos
903 1243 919 1270 ,
947 1204 1055 1256 sive
1082 1203 1373 1255 Lavicanos
1400 1202 1493 1253 lib.
1521 1202 1623 1262 lv,

592 1305 709 1358 cap.
742 1284 811 1348 45
844 1297 897 1337 et
938 1286 1038 1348 46,
1064 1295 1118 1335 et
1148 1284 1257 1347 vl,
1303 1300 1369 1335 21
1394 1321 1411 1345 ,
1442 1300 1628 1353 agrum

1714 1121 1849 1175 mill.
1902 1120 2115 1193 Peregr.
2183 1140 2304 1193 pag.
2367 1121 2498 1183 436.
2549 1121 2739 1175 Hau).

1796 1220 1888 1272 ²7·
1946 1201 2240 1273 Capitulum.
2307 1200 2600 1265 Frontino,
2641 1201 2741 1255 lib.

1713 1278 1781 1334 de
1809 1280 2001 1335 Colon.
2021 1300 2138 1353 pag.
2179 1280 2321 1337 123:
2351 1281 2634 1353 Capitolum
2661 1302 2748 1352 op·

592 1366 939 1427 Labicanum,
954 1382 1045 1416 seu
1064 1361 1503 1426 Lavicanumdib.
1520 1362 1628 1421 111,
1707 1361 1876 1433 pidum
1910 1362 2014 1432 lege
2039 1360 2246 1436 Syllana
2273 1373 2346 1415 est
2374 1361 2651 1417 deductum·
2679 1364 2746 1415 In

596 1465 713 1518 cap.
743 1443 978 1509 25;1V,
1018 1448 1121 1513 49,
1148 1454 1203 1494 et
1227 1442 1447 1503 XXVI,
1482 1460 1550 1511 9,
1579 1455 1631 1497 et

598 1527 737 1579 viam
782 1542 903 1597 quae
954 1520 1081 1574 inde
1134 1523 1359 1574 Romam
1404 1521 1632 1575 ducebat

597 1606 739 1659 viam
768 1606 1086 1657 Lavicanam
1120 1602 1217 1655 lib.
1253 1600 1354 1666 IV,
1384 1621 1503 1674 cap.
1538 1609 1629 1665 41.

599 1684 748 1739 Hanc
770 1686 957 1737 urbem
978 1702 1009 1735 a
1030 1680 1287 1737 dictatore
1310 1682 1379 1747 Q.
1409 1682 1634 1735 Servilio

600 1765 780 1819 Prisoo
814 1777 1021 1837 captam
1068 1761 1412 1833 dirutumque
1438 1763 1635 1815 Roma·

604 1846 664 1899 ni
710 1843 939 1898 deducta
978 1843 1193 1897 colonia
1240 1854 1631 1897 recreaverunt.

610 1926 771 1978 Nunc
794 1943 901 1977 esse
925 1921 1193 1994 oppidum
1226 1920 1474 1987 Colman,
1501 1922 1635 1974 Hol-

608 2005 776 2058 stenio
806 2001 973 2057 credit
995 2003 1275 2056 Fabrettus
1290 2038 1306 2065 ‚
1331 2000 1539 2057 dissert.
1576 2020 1598 2053 1
1618 2040 1634 2066 ,

612 2083 679 2138 de
711 2081 933 2156 Aquaed.
963 2102 1082 2154 ρης.
1121 2082 1211 2135 13.
1244 2080 1351 2133 Ει).

696 2166 788 2218 23.
840 2164 1065 2216 ΒονὶΙΙω.
1116 2163 1309 2215 Βουὶίία
1368 2159 1636 2231 oppidum

616 2244 909 2307 Frontino,
934 2241 1030 2295 lib.
1060 2240 1129 2295 de
1156 2242 1349 2297 Colon.
1382 2260 1502 2313 pag.
1535 2242 1634 2303 83,

616 2324 722 2377 tab.
748 2325 898 2377 Peut.
928 2321 1148 2375 Bobellae
1165 2363 1180 2386 ,
1210 2320 1396 2375 decem
1418 2338 1483 2373 ιιι.
1503 2340 1638 2393 pass.

614 2422 643 2456 a
689 2405 857 2455 Roma
877 2441 892 2466 ,
924 2404 978 2454 in
1007 2402 1093 2455 vin
1130 2400 1301 2473 Appia
1332 2402 1469 2454 inter
1499 2401 1644 2455 vicos

614 2481 779 2536 hodie
836 2481 1005 2535 dictos
1051 2485 1222 2533 ostium
1260 2480 1549 2534 Fratoccht'o
1592 2496 1646 2537 et

616 2584 737 2635 capo
754 2563 809 2615 da·
820 2564 971 2625 Leoa,
997 2573 1057 2614 ut
1066 2561 1178 2614 vult
1193 2562 1526 2615 Mannertus.
1537 2562 1642 2617 En.

699 2648 791 2705 24.
869 2642 1096 2697 Calatt'oe.
1164 2640 1319 2694 Livio
1338 2680 1353 2705 ,
1406 2642 1606 2696 Calatia
1623 2684 1640 2707 ,

617 2724 717 2777 lib.
744 2724 826 2776 Ix
848 2760 865 2785 ‚
902 2741 1018 2793 cap.
1052 2742 1101 2775 2.
1135 2720 1295 2775 Nunc
1319 2722 1465 2774 vicus
1492 2722 1645 2794 igno·

618 2803 771 2869 bilis,
808 2804 865 2855 in·
892 2802 1067 2873 Appia
1093 2802 1179 2855 via
1195 2841 1210 2867 ,
1235 2802 1486 2873 Cajazzo,
1506 2803 1646 2855 inter

619 2886 859 2955 Capuam
894 2896 949 2936 et
982 2884 1361 2935 Beneventum.
1402 2882 1642 2935 Holsten.

624 2963 807 3016 Hnm.

705 3041 797 3098 25.
844 3041 1087 3096 Casinum.
1138 3041 1297 3095 Nunc
1322 3042 1493 3094 Allante
1528 3041 1649 3095 Cas-

618 3126 742 3177 st‘no.
762 3121 944 3176 Ham).

704 3208 794 3257 26.
826 3202 1075 3256 Calenum.
1118 3201 1241 3253 Non
1282 3214 1359 3254 est
1386 3202 1642 3266 Cara‘nola,

622 3302 795 3357 prope
810 3282 1095 3336 Massicum
1112 3294 1375 3345 montem,
1393 3294 1455 3334 ut
1472 3282 1648 3337 visum

622 3378 701 3418 est
740 3360 1000 3417 eruditis:
1028 3361 1120 3416 sed
1164 3360 1339 3426 Calvi,
1374 3362 1507 3415 citra
1547 3361 1648 3414 Ca·

622 3464 783 3515 {mam
816 3443 928 3497 fere
983 3460 1041 3495 ιν
1085 3442 1217 3495 mill.
1249 3461 1385 3514 pass.
1420 3442 1572 3495 Cales
1598 3455 1649 3496 et

622 3524 879 3577 Calenum
905 3520 1051 3575 idem
1080 3521 1343 3595 oppidum
1372 3534 1467 3575 est.
1497 3520 1646 3574 Cale-

621 3622 753 3656 num
808 3602 1160 3673 municipium
1216 3602 1405 3655 Cicero
1458 3613 1613 3656 vocat
1633 3640 1649 3667 ‚

620 3696 760 3736 orat.
788 3684 881 3747 11,
918 3683 973 3735 in
1017 3683 1163 3735 Rull.
1211 3682 1396 3734 Horat.
1444 3681 1542 3737 lib.
1589 3682 1648 3747 I,

620 3760 743 3814 Ode
780 3781 876 3815 20:
908 3786 929 3806 -ι
947 3762 1255 3827 Caecubum,
1280 3775 1333 3813 et
1362 3761 1524 3833 praelo
1549 3760 1649 3814 do-

624 3842 805 3895 mitam
850 3842 1049 3896 Caleno
1089 3842 1177 3895 Tu
1227 3840 1377 3894 bibes
1419 3861 1640 3895 uvam.-

624 3922 691 3974 Et
716 3920 809 3973 lib.
834 3922 935 3985 IV,
962 3918 1081 3973 Ode
1107 3939 1204 3974 12:
1234 3948 1255 3969 ·
1275 3920 1381 3974 Sed
1401 3940 1649 3994 pressum

624 4001 844 4055 Calibus
884 4000 1081 4053 ducere
1129 4001 1389 4054 Liberum
1456 4000 1512 4055 Si
1565 4021 1658 4073 ge-

622 4082 738 4135 stis.
767 4107 788 4127 ι
835 4081 994 4134 Plura
1021 4078 1089 4133 de
1116 4100 1179 4133 eo
1212 4092 1527 4153 argumento
1555 4082 1659 4137 Ca-

1715 1440 1843 1495 edit.
1895 1442 2074 1497 Parm.
2121 1442 2399 1515 Capitulum
2437 1442 2710 1495 Hemetum
2728 1480 2746 1503 .,

1721 1521 1995 1575 Cernetam'.
2023 1521 2319 1579 Frobenius
2335 1561 2350 1587 ‚
2377 1522 2578 1593 aliique
2598 1521 2752 1577 dein·

1718 1619 1840 1673 ceps
1853 1639 1867 1659 ‚
1900 1602 2178 1673 Capitulum
2191 1641 2206 1668 ,
2240 1602 2496 1657 Cet-netum
2513 1642 2530 1667 ,
2564 1602 2750 1655 Ceme-

1720 1685 1841 1736 tam‘.
1883 1680 2284 1735 Emendationis
2323 1694 2522 1735 nostra
2560 1697 2752 1737 auctor

1719 1762 1821 1816 fuit
1869 1762 2066 1833 partim
2112 1763 2335 1825 Strabo,
2376 1763 2472 1817 lib.
2511 1762 2587 1829 V,
2625 1782 2750 1834 pag.

1724 1839 1833 1895 238
1852 1879 1869 1904 ,
1909 1842 2104 1913 partim
2133 1842 2422 1897 Frontinus
2448 1859 2464 1897 ε
2499 1842 2577 1896 sic
2603 1844 2752 1897 enim

1720 1921 1844 1975 ille:
1870 1912 1935 1975 Ϊξν
1969 1926 2069 1983 τοῖς
2095 1924 2222 1992 ὄρεσι
2245 1924 2344 1985 τοῖς
2383 1923 2506 1993 ὑπὲρ
2534 1924 2753 1995 nenive-

1720 2022 1854 2067 στον,
1869 2002 1902 2059 ἧ
1919 2023 1975 2055 τε
2004 2010 2101 2056 τῶν
2121 1994 2327 2074 Ἑρνίκων
2347 2004 2554 2071 πολίχνη
2573 2002 2758 2059 Kati-

1716 2090 1907 2147 τουλον,
1933 2084 2016 2137 καὶ
2049 2074 2270 2155 Lupia.
2295 2084 2434 2144 ποὶις
2465 2083 2718 2153 ἀξιόλογος
2735 2116 2752 2145 ‚

1721 2162 1803 2216 καὶ
1843 2162 2132 2233 Raptam,
2171 2176 2273 2217 etc.
2322 2163 2428 2214 «In
2481 2165 2759 2217 montibus

1721 2261 1882 2317 supra
1912 2243 2174 2296 Praeneste
2218 2244 2348 2295 urbs
2387 2242 2756 2297 Hernicorum

1723 2322 1822 2377 sita
1868 2334 1972 2387 eat,
2017 2323 2332 2395 Capitulum
2352 2362 2369 2389 ,
2413 2334 2469 2375 et
2511 2322 2762 2393 Anagnia

1724 2404 1856 2457 urbs
1877 2402 2129 2475 insignis,
2151 2415 2204 2456 et
2230 2403 2481 2457 Cereatae.
2509 2428 2532 2449 ι
2567 2404 2762 2474 Itaque

1726 2483 1828 2537 erit
1853 2482 2114 2537 Hernicum
2139 2502 2242 2555 pro
2267 2482 2619 2546 Hernicorum,
2645 2495 2704 2537 et
2729 2502 2766 2537 a

1728 2562 1946 2617 Cerente
1975 2562 2258 2617 cereatini.
2281 2562 2572 2617 Frontinus
2601 2582 2767 2629 vero,

1726 2642 1820 2696 lib.
1855 2641 1924 2697 de
1957 2644 2150 2699 Colon.
2188 2660 2308 2715 pag.
2347 2640 2448 2697 85:
2489 2669 2512 2691 ι
2535 2643 2766 2697 Cermte

1729 2722 1966 2776 Mariana
1992 2718 2126 2786 (non
2144 2710 2368 2791 Mae-ina)
2398 2722 2766 2794 municipium

1728 2802 1926 2857 familia
1967 2804 2028 2857 C.
2074 2803 2236 2857 Marii
2275 2800 2574 2857 obsidebat.
2610 2828 2636 2851 ι
2695 2804 2770 2855 Et

1728 2900 1848 2955 pag.
1879 2902 1900 2936 1
1919 2886 1986 2939 18
2013 2905 2026 2935 :
2064 2908 2088 2931 ι
2107 2884 2378 2937 Cer-etium
2405 2873 2556 2953 (lego
2579 2881 2772 2935 Cem-

1733 2960 1868 3025 tae'um)
1888 2962 2242 3035 municipium
2265 2962 2466 3015 familia
2485 2963 2648 3015 Marii
2673 2964 2775 3015 oh-

1731 3042 1990 3097 sidebant.
2017 3069 2038 3089 ι
2076 3044 2144 3096 Η.
2178 3074 2258 3087 —-
2284 3041 2598 3115 Capitulum
2627 3043 2773 3095 forte

1731 3120 1897 3178 hodie
1917 3124 2158 3187 Pallene,
2181 3136 2243 3177 ut
2271 3124 2388 3176 vult
2419 3122 2771 3185 Mamertus.

1735 3202 1830 3273 qui
1851 3204 2158 3257 Ce‘reatinos
2175 3203 2410 3275 ignorari
2427 3203 2644 3256 fatetur.
2663 3202 2773 3255 En.

1825 3283 1911 3337 28.
1962 3284 2068 3353 Qui
2097 3284 2336 3336 Mariani.
2386 3283 2474 3337 Oh
2505 3282 2774 3335 familiam

1739 3354 1804 3417 C]
1845 3362 2024 3417 Marii.
2049 3362 2234 3417 Ham).

1821 3463 1913 3513 ²9·
1958 3441 2158 3496 Cot-ani.
2210 3470 2233 3491 ι
2259 3442 2454 3496 Coram
2483 3439 2778 3495 Dardanus

1737 3520 1980 3577 condidit
1989 3562 2005 3588 ,
2016 3548 2038 3571 ι
2061 3522 2236 3595 inquit
2248 3520 2780 3587 Martianus,lib.V1,

1737 3622 1857 3674 pag.
1882 3605 1985 3667 206
2001 3642 2021 3667 ,
2037 3617 2092 3656 et
2117 3604 2282 3656 Solin.
2305 3620 2423 3673 cap.
2444 3619 2512 3670 11,
2533 3620 2662 3674 pag.
2689 3622 2714 3655 1
2729 3609 2780 3657 3.

1740 3682 1938 3737 Lucan.
1978 3684 2073 3738 lib.
2104 3684 2239 3747 VII,
2277 3702 2415 3737 vern.
2461 3680 2576 3751 393
2601 3721 2617 3747 ,
2651 3702 2781 3735 vere

1737 3760 2028 3816 admodum
2039 3789 2223 3823 ·····
2239 3763 2466 3829 Gabios,
2483 3761 2783 3834 Veiosque,

1739 3840 2040 3915 Coramque
2075 3844 2301 3896 Pulvere
2335 3844 2424 3896 vix
2453 3854 2604 3897 tectae
2629 3856 2786 3913 pote·

1737 3936 1865 3975 runt
1893 3936 2183 3978 monstrare
2203 3924 2422 3993 minz„-
2453 3922 2785 3977 Etiamnunc

1753 4002 1894 4055 Com.
1920 4004 2106 4057 Huni).

1835 4086 1922 4139 30.
1980 4084 2422 4137 Castrimom'enset.
2481 4082 2751 4135 Frontino
2769 4120 2788 4149 2
