2950 5017
1115 434 1430 502 LIBER
1477 436 1608 503 vl.
2286 431 2423 532 757

289 558 479 638 Patet
508 589 718 663 usquc
750 566 1066 636 Arabiam
1101 579 1172 636 et
1196 567 1412 638 Rubri
1433 569 1638 637 maris
1664 565 1947 637 accolas.
1982 568 2428 638 Continentur

288 674 611 758 Gedrosi,
647 676 900 760 Persae,
925 673 1279 759 Carmani,
1315 672 1626 768 Elymaei,
1653 672 2267 766 Parthyene‚Aria,
2298 677 2426 744 Su·

289 781 504 869 siane,
561 779 1044 876 Mesopotamia
1063 831 1087 867 ,
1141 777 1438 850 Seleucia
1496 779 1969 875 cognominata
2029 778 2391 874 Babylonia
2406 833 2428 867 ,

286 887 538 958 Arabia
569 885 658 956 ad
691 888 926 976 Petras
945 909 1206 1020 ιιειξιιο,
1249 885 1440 980 Syria
1477 883 1709 972 Coele,
1749 883 2122 973 Pelusium,
2162 887 2429 1007 AEgypti

285 992 642 1081 inferiora,
683 1017 832 1087 quae
855 994 1056 1086 Χῶρα
1128 1006 1408 1062 vocatur
1451 989 1902 1079 Alexandrini,
1936 991 2179 1062 Africae
2218 995 2427 1062 mari-

287 1099 492 1183 tima,
542 1098 910 1195 Cyrenaica
970 1095 1216 1194 oppida
1264 1099 1527 1186 omnia,
1574 1098 1921 1227 Thapsus,
1952 1097 2428 1182 Adrumetum,

287 1202 580 1304 Clupea,
651 1205 994 1298 Carthago
1013 1253 1034 1288 ,
1089 1205 1292 1276 Utica
1310 1255 1331 1292 ,
1389 1187 1713 1298 uterque⁶
1768 1204 1997 1299 Hippo
2016 1257 2037 1291 ,
2077 1205 2390 1274 Numidia
2409 1259 2431 1290 ,

285 1311 694 1384 Mauritania
721 1324 1040 1404 utraque,
1065 1307 1472 1380 Atlanticum
1500 1333 1727 1395 mare,
1754 1308 2081 1380 columnoe
2106 1311 2429 1382 Herculis.

285 1420 376 1486 In
412 1417 546 1488 hoc
579 1415 720 1486 caeli
755 1415 1186 1486 circumflexu
1221 1417 1596 1510 aequinoctii
1632 1414 1739 1485 die
1772 1415 2012 1501 media,
2048 1415 2431 1505 umbilicus,

286 1547 490 1617 quem
521 1523 946 1593 Gnomonem
971 1537 1254 1610 vocant,
1286 1545 1396 1592 vn
1423 1521 1627 1618 pedes
1651 1520 1930 1616 longus,
1956 1523 2265 1591 umbram
2292 1548 2431 1593 non

287 1627 603 1760 amplius
601 1651 670 1698 lv
686 1627 712 1669 ⁷
744 1627 947 1723 pedes
972 1626 1240 1723 longam
1267 1627 1504 1700 reddit.
1541 1628 1773 1698 Noctis
1802 1651 1965 1698 vero
2001 1627 2259 1722 dieique
2288 1627 2429 1700 lon·

286 1721 603 1830 gissima⁸
639 1736 852 1853 spatia
887 1734 1089 1804 horas
1123 1757 1253 1806 x1v
1281 1731 1771 1828 aequinoctiales
1806 1733 2090 1822 habent,
2126 1734 2431 1805 brevissi-

287 1865 401 1910 ma
429 1839 513 1910 e⁹
547 1841 884 1912 contrario
916 1865 987 1910 x.

395 1949 689 2042 Sequens
715 1943 1050 2017 circulus
1030 1947 1262 2042 incipit
1287 1947 1374 2016 ab
1401 1945 1595 2016 India
1626 1960 1939 2042 vergente
1974 1945 2061 2014 ad
2089 1969 2430 2033 occasum,
2468 1959 2501 2011 3

287 2053 478 2124 vadit
503 2052 659 2148 per¹
665 2051 972 2124 “medios
1003 2053 1319 2140 Parthos,
1351 2050 1843 2147 Persaepolinffi
1869 2051 2094 2122 citima
2124 2053 2431 2140 Persidis,

287 2145 669 2230 ‘Arabiam'’
704 2160 1120 2244 citeriorem,
1168 2161 1206 2228 J
1213 2158 1515 2237 udaeam
1574 2157 1815 2228 Libani
1860 2159 2107 2228 montis
2150 2156 2429 2228 accolas.

289 2265 732 2361 Amplectitur
759 2262 1206 2360 Babylonem,
1241 2262 1643 2352 Idumaeam,
1678 2265 2043 2334 Samariam
2066 2317 2085 2350 ,
2114 2266 2433 2334 Hieroso-

291 2371 542 2466 lymam
562 2424 585 2459 ,
643 2369 1082 2459 Ascalonem,
1141 2374 1406 2467 Joppen
1429 2423 1450 2458 ,
1503 2373 1921 2454 Caesaream,
1972 2357 2402 2440 Phoenicen¹³
2413 2421 2435 2452 ‚

289 2476 807 2566 Ptolemaidem,
849 2477 1197 2563 Sidonem,
1235 2480 1525 2571 Tyrum,
1560 2479 1922 2572 Berytum‚
1962 2480 2256 2572 Botryn‚
2290 2479 2437 2547 Tri-

287 2582 513 2680 polin,
548 2583 832 2678 Byblum
861 2637 881 2672 ,
917 2583 1338 2654 Antiochiam
1357 2637 1380 2671 ,
1421 2581 1857 2671 Laodiceam,
1882 2581 2250 2654 Seleuciam
2270 2637 2289 2666 ,
2324 2585 2437 2655 Ci-

378 2773 432 2828 5.
464 2773 590 2843 Qua
632 2771 806 2844 xes-pa.
847 2771 1034 2844 RegiO.
1071 2774 1153 2826 Ita
1188 2771 1316 2826 libri

289 2851 446 2908 MSS.
466 2869 666 2905 omnes.
688 2849 834 2905 Editi
847 2852 986 2906 male
999 2891 1013 2912 .
1031 2853 1318 2925 inferiorque

289 2952 404 2987 ora.
429 2931 776 2998 Ptolem-un,
809 2929 884 2984 de
913 2931 1102 2997 Delta,
1151 2943 1208 2984 et
1249 2931 1318 2985 de

289 3010 610 3067 fluminibus
651 3011 708 3064 in
747 3014 983 3082 AEgypto
1012 3011 1269 3065 inferiore
1299 3029 1314 3062 ε

291 3095 540 3146 Kabia-tu
571 3085 632 3144 δὲ
670 3098 838 3152 κοινῶς
878 3092 912 3150 ἡ
954 3091 1068 3163 περὶ
1117 3093 1318 3152 τοῦτ-ους

291 3172 406 3233 τσὺς
433 3169 692 3241 ποταμοὺς
713 3170 872 3242 Σύρα
901 3170 1061 3225 κάτω.
1088 3170 1161 3223 H.

378 3253 436 3305 6.
469 3250 678 3320 Uter-que
702 3249 888 3322 Hippo.
918 3250 1099 3304 Dalec.
1120 3262 1326 3324 utraque

193 3355 218 3380 ι
293 3331 482 3402 Hippo.
513 3327 624 3382 En.

379 3429 436 3482 7.
467 3407 736 3480 IVpada.
768 3408 828 3462 Si
857 3408 1109 3463 Straboni
1145 3407 1280 3462 fides
1303 3447 1320 3472 ,

293 3489 394 3543 lib.
421 3489 511 3554 11,
534 3507 656 3560 pag.
693 3487 800 3543 133
820 3526 838 3554 ,
878 3507 1113 3560 gnomon
1140 3486 1320 3543 solarii

295 3565 632 3622 Alexandria
649 3567 910 3622 rationem
937 3569 1098 3622 habet
1113 3566 1183 3622 ad
1201 3586 1322 3621 um·

297 3651 452 3703 brem
483 3665 645 3720 quam
671 3645 860 3713 efficit,
890 3648 1061 3720 qualis
1087 3660 1168 3702 est
1200 3647 1321 3720 qni-

297 3727 436 3782 narii
473 3725 544 3781 ad
569 3727 926 3799 septenarium
957 3745 972 3780 :
1005 3745 1172 3801 quare
1200 3745 1321 3780 um·

297 3810 398 3862 bra
421 3805 526 3860 erit
549 3807 786 3878 quinque
801 3805 1002 3878 pedum
1025 3826 1038 3860 :
1063 3806 1323 3862 subintel·

297 3887 432 3959 lige,
455 3886 590 3940 hora
611 3897 754 3940 sexta
769 3925 788 3953 ,
803 3905 896 3940 seu
922 3886 1233 3940 meridiana.
1251 3883 1319 3940 H.

384 3969 438 4021 8.
456 3968 776 4038 largissima.
802 3965 986 4022 Chiffl.
1013 3968 1318 4038 longissima

301 4043 408 4100 En.

1492 2791 1546 2842 9.
1580 2773 1633 2824 E
1654 2775 1915 2826 contrario.
1941 2771 2129 2827 Chiffl.
2160 2793 2221 2825 ex
2243 2785 2440 2826 comm·

1405 2855 1497 2905 rio.
1522 2849 1623 2903 En.

1494 2949 1583 2984 10.
1604 2929 1795 2984 Medios
1814 2931 2046 2983 Parthos.
2066 2931 2211 2985 Cave
2232 2931 2405 2984 Medos
2421 2972 2438 2998 ,

1405 3010 1549 3082 legas
1575 3027 1591 3062 ε
1638 3010 1835 3082 quibus
1876 3011 1922 3064 si
1962 3010 2145 3064 locum
2188 3011 2277 3065 hic
2327 3029 2438 3064 esne

1406 3101 1683 3162 oporteret
1696 3129 1713 3154 ,
1742 3089 1999 3162 appellari
2016 3103 2139 3162 post
2156 3089 2380 3144 Parthos
2399 3090 2437 3143 ii

1409 3169 1701 3236 deberent,
1720 3188 1887 3242 quum
1907 3169 1976 3222 ab
2007 3167 2163 3222 India
2200 3170 2255 3222 in
2291 3187 2439 3224 occa·

1409 3267 1529 3302 snm
1553 3247 2019 3320 progredientibus
2043 3248 2231 3302 Parthi
2255 3247 2407 3319 prius
2421 3288 2438 3316 ,

1409 3347 1574 3401 quam
1601 3327 1752 3382 Medi
1778 3340 2079 3383 occurrant.
2108 3329 2294 3381 Hum.

1498 3427 1524 3461 ι
1540 3425 1591 3462 ι.
1625 3409 1939 3480 Pei-capolia.
1981 3408 2159 3461 Dalec.
2201 3408 2439 3479 Persepo-

1410 3489 1496 3542 esu.
1528 3485 1635 3542 En.
1714 3486 1723 3496 ’

1498 3587 1521 3622 1
1538 3587 1589 3620 a.
1603 3565 1845 3621 Arabiam
1870 3569 2151 3619 citeriorem.
2178 3566 2317 3632 Quo
2337 3566 2438 3636 Sy·

1409 3646 1506 3700 ria
1530 3645 1601 3700 ad
1641 3661 1825 3702 ortum
1860 3645 2241 3718 protenditur,
2270 3663 2439 3717 usque

1408 3725 1478 3780 ad
1502 3725 1846 3798 Euphratem.
1876 3727 2060 3780 Ηιιιιι.

1501 3807 1591 3860 13.
1614 3805 1887 3859 Phoem‘cen.
1914 3804 2075 3858 Unde
2096 3802 2187 3858 hic
2208 3804 2439 3858 circulus

1411 3887 1525 3940 sive
1550 3885 1832 3956 parallelus
1862 3903 2059 3940 nomen
2088 3883 2321 3956 accepit,
2346 3879 2437 3937 διὰ

1409 3967 1563 4034 μέσης
1582 3967 1805 4028 Φοινίκης
1818 4004 1835 4031 ,
1860 3984 1957 4037 per
1976 3961 2207 4018 mediam
2232 3963 2441 4018 Phani-

1409 4063 1525 4098 cen.
1554 4043 1733 4099 Ηιιιιι.

2034 4139 2169 4240 48³
