2950 5017
1125 459 1439 526 LIBER
1493 457 1616 524 VI.

2277 455 2430 531 665

302 588 558 658 faciunt
618 574 1021 677 Gedrosos⁸,
1064 602 1135 658 et
1194 613 1235 658 a
1296 590 1766 685 septemtrione
1814 588 2434 683 Paropamisadas⁹:

301 697 592 764 Cartana
635 693 955 790 oppidum
999 694 1123 764 sub
1171 698 1473 766 Caucaso
1492 749 1513 785 ,
1551 694 1731 790 quod
1770 709 1997 790 postea
2041 698 2433 790 Ten-agonis

298 799 571 870 dictum.
600 805 759 870 Haec
776 798 824 823 ¹⁰
840 802 1023 895 regio
1046 814 1145 870 est
1166 825 1251 870 ex
1264 801 1564 872 adverso.
1587 803 2086 871 Bactrianorum
2104 800 2149 826 ¹¹
2169 801 2430 888 deinde,
2477 823 2484 830 ·

298 907 490 998 cujus
517 907 837 1002 oppidum
875 906 1275 977 Alexandria
1295 909 1372 995 ¹²,
1402 931 1443 976 a
1473 907 1818 978 conditore
1842 907 2116 977 dictum.
2137 908 2428 1003 Syndra·

383 1064 437 1117 8.
491 1060 751 1116 Gedrusos.
804 1057 1066 1133 Γιὸρωσία
1110 1062 1316 1133 regioni

296 1159 497 1194 nomen
509 1141 641 1194 fuit:
660 1159 804 1195 nune
812 1141 1035 1194 Melo-un.
1053 1142 1122 1195 H.
1142 1154 1195 1195 et
1208 1143 1314 1196 En.

380 1239 437 1290 9.
452 1217 1315 1293 Paropamisadasd'loepowoeutodd‘oet

297 1300 571 1366 Straboni,
595 1300 693 1354 lib.
709 1300 834 1358 XV,
860 1321 915 1373 p.
943 1309 1078 1370 724,
1101 1318 1132 1353 a
1157 1301 1319 1355 Paro·

294 1379 505 1451 pamiao
532 1393 741 1446 monte,
779 1381 871 1451 qui
909 1379 1095 1434 iisdem
1135 1380 1316 1434 immi-

294 1468 422 1524 net,
486 1477 685 1512 nomen
730 1459 986 1512 habuere.
1036 1458 1315 1531 Oppidum

294 1536 504 1591 habent
526 1536 797 1610 hodieque
823 1538 1027 1611 insigne
1044 1577 1062 1604 ‚
1091 1539 1317 1605 Kaboul,

293 1617 449 1687 regni
506 1617 841 1688 cognominis
870 1630 1065 1690 caput:
1113 1617 1259 1691 quod
1286 1637 1315 1672 a

292 1695 472 1748 Plinio
517 1697 742 1750 Cartana
770 1715 915 1750 nuuc
950 1698 1236 1768 appellari,
1262 1711 1317 1752 et

294 1774 676 1846 Tetrogonida,
702 1772 1079 1848 Τιτραγωνίὸα,
1096 1797 1124 1830 a
1146 1778 1317 1832 forma

293 1852 586 1926 quadrata,
612 1855 759 1910 haud
790 1855 921 1908 levis
959 1857 1188 1928 suspicio
1220 1869 1315 1912 est.

293 1933 435 1986 Nam
459 1932 606 2006 quod
629 1935 869 1989 Orteliua
893 1936 1198 1990 Arachosia!
1235 1949 1316 1990 at·

294 2012 485 2067 tribuit
512 2013 869 2086 Ten-agonida
887 2053 903 2080 ,
931 2015 1069 2068 nihil
1098 2034 1313 2070 moror:

292 2093 459 2146 habet
492 2095 577 2147 vir
618 2094 823 2165 alioqui
858 2093 1097 2148 eruditus
1126 2095 1316 2149 similia

293 2191 410 2225 non
435 2191 604 2245 pauca
626 2175 981 2245 παροράματα.
1012 2172 1197 2230 Ham).

385 2271 469 2307 10.
499 2253 625 2304 Hoec
636 2257 791 2324 regio·
816 2253 964 2306 Nihil
982 2266 1057 2307 est
1078 2252 1180 2307 hac
1200 2272 1317 2307 sen-

294 2333 465 2386 tentia
485 2333 714 2403 planius.
743 2332 870 2386 Hoec
885 2370 902 2395 ,
927 2333 1103 2404 inquit
1120 2371 1136 2398 ,
1158 2333 1319 2386 Paro·

290 2410 689 2482 pamisadarum
752 2412 902 2482 regio
919 2450 937 2479 ,
1010 2430 1130 2483 quae
1213 2413 1314 2466 suh

294 2489 562 2552 Caucaso,
594 2509 713 2564 quae
738 2509 847 2545 una
878 2509 949 2544 ex
975 2505 1207 2563 quatuor
1226 2493 1316 2547 Sa-

294 2570 507 2642 trapiie,
526 2589 657 2642 quas
683 2571 739 2624 in
766 2571 911 2625 hunc
939 2570 1119 2625 locum
1146 2569 1314 2625 distu-

290 2649 361 2702 lit
380 2690 397 2712 ,
458 2649 553 2704 ubi
608 2651 833 2706 Cartana
886 2650 1149 2723 oppidum
1170 2690 1186 2715 ‚
1248 2669 1315 2727 ex

293 2727 517 2782 adverso
546 2743 625 2782 est
656 2729 975 2784 Arachosiae.
1016 2729 1316 2784 Bactriano·

289 2827 415 2861 rum
448 2807 643 2862 deinde
677 2809 827 2881 reg-io
865 2807 1139 2881 sequitur,
1164 2810 1319 2881 cujus

288 2886 559 2960 oppidum
599 2886 936 2942 Alexandria.
992 2888 1317 2961 Praepoetera

290 2967 455 3038 hujus
474 2966 579 3022 loci
613 2967 975 3040 interpunctio
1000 2967 1315 3022 salmasium

292 3047 531 3119 aliosque
570 3047 627 3099 in
654 3066 883 3101 summae
912 3045 1134 3101 adduxit
1157 3067 1319 3119 angu-

291 3126 447 3179 stias:
493 3138 555 3180 ut
597 3145 705 3198 quo
740 3137 1010 3182 verterent
1046 3145 1125 3192 se,
1150 3127 1317 3180 nesci-

288 3218 432 3258 rent.
454 3204 544 3258 Sic
569 3206 711 3260 enim
728 3205 989 3261 hactenus
999 3219 1075 3259 est
1086 3205 1313 3272 editum,

294 3285 397 3337 lioee
428 3287 563 3356 regio
596 3297 669 3337 est
700 3305 760 3338 ex
798 3287 995 3338 acher-so
1022 3285 1315 3339 Bactriano-

256 3391 264 3400 ·
291 3383 398 3416 rum
414 3383 435 3418 .·
472 3363 668 3432 deinde,
718 3367 853 3436 cujus
912 3367 1165 3436 oppidum,
1210 3377 1313 3421 etc.

290 3443 653 3501 MSS.omnee
669 3445 802 3516 neg.
838 3463 887 3504 1,
919 3465 967 3506 a,
986 3445 1143 3498 colb.
1184 3462 1235 3509 1,
1260 3465 1314 3514 a,

290 3523 457 3576 Paris.
480 3523 661 3577 Chim.
686 3536 786 3578 ete.
814 3525 889 3580 ita
912 3524 1101 3596 plane,
1132 3537 1192 3578 ut
1216 3544 1315 3579 noe

290 3600 561 3656 edidimus
572 3643 591 3668 ,
605 3604 749 3658 hune
769 3604 951 3658 locum
964 3603 1220 3658 exhibent
1231 3642 1250 3667 ‚
1271 3605 1316 3659 ei

286 3681 776 3752 interpunctionem
809 3683 1107 3754 exceperis,
1154 3703 1315 3756 quam

290 3760 331 3813 ii
352 3760 557 3814 nullam
580 3780 691 3834 proe
716 3781 773 3816 se
792 3764 986 3816 ferunt.
1016 3767 1086 3816 At
1120 3761 1314 3817 Salma-

290 3839 420 3902 sius,
442 3859 503 3911 p.
536 3859 560 3894 1
576 3841 709 3912 175,
730 3841 787 3894 in
812 3841 980 3896 Solin.
998 3842 1074 3896 ita
1094 3840 1313 3898 demum

289 3936 347 3972 se
369 3919 599 3991 pulchre
636 3921 923 3992 conjecisse
952 3934 1132 3994 putat,
1164 3923 1210 3976 si
1234 3923 1311 3976 le-

290 4011 380 4069 gat
413 4017 429 4051 1
469 4025 493 4047 c
515 3997 641 4054 Hoc
669 4001 819 4071 regio
844 4014 925 4055 est
946 4021 1011 4054 ex
1029 3999 1313 4056 adversum

292 4077 617 4134 Bactrianos.
677 4081 799 4134 Aria
868 4079 1063 4134 deinde
1081 4119 1098 4148 ,
1159 4084 1311 4153 cujus

1404 1060 1676 1134 oppidum
1719 1061 2056 1117 Alexandria.
2086 1087 2110 1110 ι
2153 1065 2231 1116 Ac
2265 1062 2428 1118 simul

1403 1141 1654 1196 admonet
1675 1141 2050 1196 Alexandriam
2091 1142 2234 1196 hanc
2277 1163 2310 1196 a
2347 1163 2429 1197 re·

1404 1220 1562 1292 gione
1585 1224 1634 1274 iv
1660 1213 1823 1293 Ᾱρῖοις
1842 1222 2264 1293 cognominatam
2295 1241 2425 1277 esse.

1404 1299 1632 1354 Perinde
1664 1300 1814 1372 quasi
1839 1320 1985 1354 nunc
2004 1299 2074 1354 de
2093 1302 2220 1355 Aria
2259 1303 2428 1373 possit

1404 1397 1514 1432 esee
1535 1397 1709 1434 sermo
1740 1399 1754 1434 ε
1780 1399 1883 1452 qua
1912 1379 1980 1435 de
1997 1381 2238 1450 regione,
2265 1394 2423 1453 atque

1404 1458 1540 1512 adeo
1565 1458 1634 1513 de
1659 1459 1775 1532 ipsa
1800 1459 2117 1513 Alexandria
2146 1463 2192 1513 iv
2225 1452 2386 1532 Ᾰρίοις
2405 1499 2424 1524 ,

1402 1537 1661 1608 prolixior
1670 1540 1828 1610 paulo
1842 1558 1965 1592 mox
1986 1539 2299 1604 instituitur,
2321 1541 2427 1594 hoc

1402 1617 1520 1689 ipso
1550 1618 1722 1688 capite
1743 1657 1759 1685 ,
1790 1619 1874 1673 his
1905 1617 2080 1672 verbis
2121 1639 2134 1671 :
2193 1619 2424 1674 -Ariana

1402 1697 1552 1768 regio
1590 1695 1828 1752 ambusta
1874 1699 2227 1752 fervoribus...
2266 1700 2427 1754 Arius

1404 1776 1684 1849 amnisqui
1706 1776 1937 1848 pra-,fluit
1956 1777 2360 1833 Alexandriam:
2392 1804 2416 1826 ι

1402 1873 1465 1908 ac
1503 1875 1615 1908 non
1647 1855 1715 1911 de
1757 1855 2072 1910 Alexandria
2106 1858 2294 1929 potius
2325 1859 2422 1912 Ba·

1402 1937 1604 1989 ctriana
1630 1937 1910 2008 perspicue
1939 1949 2140 2007 agatur.
2175 1934 2360 1992 Eum.

1492 2033 1515 2067 1
1533 2034 1556 2068 1
1570 2054 1583 2067 .
1633 2015 2006 2068 Bactrianorum
2057 2017 2228 2070 deinde
2245 2055 2262 2084 ,
2320 2029 2422 2072 etc.

1402 2093 1586 2148 Dalec.
1614 2095 1983 2148 Bactrianorum
2000 2114 2022 2150 .·
2051 2095 2250 2161 deinde,
2289 2099 2425 2168 cujus

1403 2173 1628 2244 oppidum
1649 2175 1958 2228 Alexandria
1973 2213 1990 2242 ,
2015 2195 2048 2228 a
2079 2177 2322 2229 conditore
2345 2175 2423 2230 di-

1404 2265 1554 2319 ctum,
1581 2253 1841 2324 Syndmet',
1867 2268 1968 2309 etc.
1997 2255 2101 2309 Eu.

1491 2351 1583 2387 12.
1613 2333 1942 2386 Alexandria.
1979 2333 2106 2388 Hac
2135 2333 2282 2405 apud
2305 2333 2423 2390 Ste-

1400 2411 1639 2484 phanum
1662 2412 1945 2468 undecima
1970 2427 2050 2468 est
2071 2415 2284 2468 urbium
2311 2417 2424 2486 ejus

1400 2491 1653 2557 nominis,
1665 2494 1815 2564 juxta
1834 2495 2021 2548 Bactra
2034 2534 2050 2562 ,
2062 2513 2180 2566 quse
2197 2495 2426 2548 Bactria-

1399 2589 1596 2624 norum
1623 2573 1958 2644 metropolia,
1991 2571 2060 2628 de
2088 2592 2191 2646 qua
2220 2573 2424 2628 dictum

1402 2661 1482 2704 ent
1503 2669 1549 2704 c.
1570 2669 1592 2704 1
1606 2653 1658 2706 8.
1681 2651 1866 2724 Steph.
1881 2645 2269 2726 Ᾰλιξᾶνὸρεια...
2284 2649 2424 2706 ἕνδε-

1401 2729 1531 2786 κᾶτη
1551 2769 1568 2796 ,
1592 2731 1727 2786 κατὰ
1754 2733 1974 2804 Βάκτρα.
2003 2732 2171 2804 Negat
2187 2732 2348 2786 Salm.
2365 2753 2424 2805 p.

1409 2827 1431 2862 ι
1444 2827 1467 2862 1
1477 2829 1508 2880 7
1521 2810 1572 2874 5,
1587 2809 1645 2863 in
1659 2810 1773 2863 Sol.
1783 2813 2053 2882 pertinere
2067 2811 2136 2865 ·id
2161 2811 2422 2883 oppidum

1400 2887 1472 2942 ad
1487 2889 2161 2962 Paropamisadas.Recteid
2169 2890 2388 2962 quidem
2407 2909 2424 2945 :

1401 2967 1496 3022 aed
1509 2987 1684 3041 neque
1703 2968 1767 3022 ad
1791 2969 2166 3024 Alexandriam
2189 2971 2248 3023 in
2264 2963 2424 3042 Aptae<

1404 3049 1656 3118 pertinet,
1686 3049 1784 3103 etsi
1806 3047 1864 3102 id
1881 3049 1973 3104 ille
1996 3051 2142 3104 omni
2169 3069 2273 3123 ope
2295 3069 2423 3103 eon-

1403 3126 1596 3182 tendit.
1643 3127 1756 3181 Cur
1793 3147 1923 3182 vero
1951 3127 2022 3182 ad
2063 3131 2422 3201 Paropamisa-

1404 3205 1498 3260 ὼε
1519 3208 1706 3261 referri
1731 3225 1841 3260 non
1868 3220 2130 3281 oporteat,
2149 3208 2428 3280 subjungit

1400 3287 1664 3341 rationem
1682 3325 1699 3352 ,
1738 3286 1888 3358 quod
1921 3289 1978 3340 in
2003 3287 2426 3360 Paropamieadis

1401 3364 1721 3420 Alexandria
1753 3368 1902 3420 nulla
1941 3367 2025 3421 sit.
2066 3368 2218 3421 Itane
2261 3367 2427 3421 vero?

1401 3445 1552 3512 Quid
1593 3445 1760 3517 igitur
1799 3446 1899 3500 ista
1937 3448 2127 3500 volunt
2173 3465 2292 3518 quai
2326 3449 2426 3499 Ar-

1401 3525 1585 3578 rianus
1601 3525 1766 3579 refert
1780 3523 1848 3579 de
1859 3525 2160 3580 Alexandro
2170 3565 2186 3592 ‚
2207 3527 2302 3578 lib.
2322 3527 2426 3590 lv,

1399 3623 1523 3676 pag.
1545 3622 1674 3674 ²90,
1695 3607 1998 3659 &anamim
2026 3607 2285 3673 Caucaso,
2307 3623 2427 3677 per-

1401 3687 1608 3738 venisse
1662 3684 2040 3738 Alexandriam
2057 3723 2073 3748 ,
2120 3703 2238 3756 quai
2276 3682 2422 3757 apud

1398 3762 1836 3835 Paropamisadaa
1919 3763 2135 3818 condita
2207 3765 2380 3818 fuerat
2399 3763 2426 3817 Ρ

1400 3841 1690 3914 anapesti-w
1710 3839 1773 3898 <n
1803 3846 1887 3898 τὸν
1917 3847 2184 3898 Καύκασον
2216 3846 2263 3898 ἐν
2296 3840 2426 3898 δέκα

1397 3923 1605 3993 ἡμέραις
1630 3924 1830 3994 ἀφίκετο
1843 3927 1890 3985 ἐς
1899 3916 2252 3995 Ᾱλεξσὶνδριιαν
2267 3925 2430 3986 πόλιν,

1400 4003 1491 4060 τήν
1537 4007 1816 4057 κτισθεῖσάν
1863 4008 1910 4059 ἐν
1947 3998 2425 4076 Παραπαμισάδαις.

1400 4082 1554 4136 Illam
1581 4081 1750 4136 hodie
1785 4102 1897 4137 esse
1937 4083 2210 4137 Candahar
2233 4083 2428 4154 opina·
