2950 5017
613 440 713 535 96

1155 442 1233 509 C.
1291 440 1610 511 PLINlI
1664 437 1887 508 NAT.
1946 442 2205 510 HIST.

610 586 1010 641 teramnates
1049 557 1101 609 ³⁹
1191 574 1530 642 Succasini
1563 626 1583 659 ,
1658 574 1772 665 qui
1827 578 1904 641 'et
1975 574 2301 643 Lirinates
2365 576 2761 647 'vocanturr

609 678 971 748 Ilionenses
986 664 1078 761 ⁴⁰,
1139 680 1433 764 Lavinii‚
1487 665 1890 759 Norbani⁴¹‚
1925 678 2330 749 Nomentani
2347 668 2434 766 ⁶²,
2495 686 2762 753 Praene-

612 788 762 855 stini
774 772 824 816 ⁴³

609 997 683 1057 V,
707 1014 766 1066 p.
802 994 930 1060 258,
948 994 1252 1049 aPraeneste
1273 997 1500 1049 Romam
1515 1014 1642 1049 eun-

612 1076 773 1129 tibus·
796 1073 971 1127 Hodie
998 1073 1247 1128 dirutum
1278 1076 1516 1127 omnin0.
1531 1076 1637 1128 En.

698 1156 791 1223 39.
818 1156 1163 1207 Interamnates
1198 1154 1466 1207 Suco-asini.
1508 1154 1639 1209 Suc-

606 1234 804 1299 casini,
846 1248 900 1289 et
938 1234 1224 1297 LirinnteS,
1266 1254 1378 1287 non
1418 1236 1640 1287 nomina

606 1326 763 1379 sunt,
814 1313 908 1367 sed
949 1315 1147 1368 horum
1194 1313 1637 1368 Interamnatium

607 1394 949 1465 cognomina.
980 1394 1116 1448 Sunt
1148 1395 1289 1447 enim
1322 1395 1415 1449 alii
1454 1413 1638 1447 rursus

607 1476 991 1527 Interamnates
1042 1473 1099 1526 in
1154 1488 1341 1545 quarta
1384 1486 1638 1545 sextaque

606 1553 822 1625 regione
856 1551 1191 1607 nominandi.
1244 1554 1397 1607 Hanc
1431 1556 1636 1607 Intera-

605 1652 805 1698 mnam,
826 1653 945 1705 qun
970 1635 1039 1687 ab
1068 1652 1225 1687 amne
1252 1635 1367 1687 Liri
1396 1634 1453 1686 in
1476 1633 1634 1687 Latio

606 1732 801 1766 nomen
829 1714 1017 1779 hahet,
1043 1713 1353 1767 Holotenius
1376 1714 1452 1767 ibi
1483 1712 1634 1766 sitam

604 1811 715 1846 esse
746 1806 927 1863 putat,
960 1793 1053 1846 ubi
1090 1812 1235 1847 nunc
1276 1807 1354 1847 est
1392 1795 1545 1846 Tor-re
1583 1793 1641 1844 ds·

610 1874 859 1926 Termine:
879 1874 969 1927 alii
992 1873 1086 1926 uhi
1108 1874 1347 1926 Castrum
1374 1872 1634 1926 l'Isolettaa

606 1952 735 2006 Haec
758 1955 1087 2025 conjunctim
1116 1966 1175 2005 ut
1198 1953 1529 2023 legerentur,
1558 1953 1634 2005 ef·

604 2034 825 2086 fecimus
873 2050 887 2086 :
942 2052 1053 2085 non
1094 2032 1173 2085 uti
1212 2034 1361 2103 prius
1379 2069 1396 2095 ‚
1440 2034 1634 2085 Intera-

610 2125 793 2164 mnates
816 2152 831 2177 ,
872 2111 1160 2178 Sua-osani,
1176 2115 1260 2185 qui
1298 2124 1349 2163 et
1372 2113 1632 2165 Lirinates.

605 2191 743 2245 Nam
770 2190 961 2263 pr'aeter
992 2195 1377 2245 elementorum
1410 2194 1632 2257 seriem,

603 2290 723 2342 quae
762 2290 908 2324 nune
948 2272 1154 2341 alioqui
1194 2272 1627 2344 abrumperetur,

604 2350 762 2405 docet
816 2349 874 2404 id
934 2366 1087 2404 vetus
1148 2351 1447 2422 inscriptio·
1488 2348 1634 2422 apud

602 2431 925 2493 Gruterum,
969 2448 1088 2502 pag.
1136 2430 1242 2493 431
1268 2467 1283 2494 ,
1324 2448 1441 2501 quae
1472 2432 1628 2486 Casi-

601 2530 675 2563 no
720 2510 776 2561 in
820 2524 1000 2563 monte
1045 2523 1254 2581 reperta
1296 2522 1411 2563 est:
1443 2510 1501 2562 in
1529 2530 1636 2583 qua

602 2607 752 2643 amr.
781 2606 1169 2643 urrunnun-r.
1212 2608 1391 2642 unm.
1433 2591 1634 2644 mentio

599 2671 842 2723 habetur.
878 2670 966 2722 Sie
1002 2688 1166 2741 porro
1200 2669 1449 2741 appellati
1476 2684 1635 2737 sunt,

601 2748 749 2822 quod
792 2748 862 2802 ad
904 2749 1073 2802 Lirim
1116 2768 1326 2801 amnem
1360 2748 1510 2802 sedes
1537 2751 1633 2803 ha-

599 2832 785 2883 berent
816 2847 830 2882 t
859 2828 1127 2892 Succusini
1152 2842 1327 2882 autem
1356 2826 1378 2892 (
1392 2831 1465 2883 sic
1489 2830 1632 2883 enim

600 2908 855 2973 emendo,
882 2927 984 2981 pro
1002 2901 1303 2979 Succusani)
1319 2949 1336 2974 ‚
1355 2907 1504 2981 quod
1533 2910 1632 2963 sub

602 2990 797 3043 Casino
839 3002 1035 3042 monte.
1066 2991 1270 3043 Auctor
1307 2987 1632 3059 emendandi

600 3069 810 3133 Livius,
848 3068 945 3121 lib.
970 3070 1189 3133 XXVI,
1232 3087 1346 3139 cap.
1374 3086 1442 3139 9:
1468 3091 1492 3112 «
1515 3068 1627 3123 Sub

602 3150 859 3202 Casinum
923 3146 1093 3201 biduo
1155 3150 1343 3201 stativa
1398 3149 1579 3203 hahita
1609 3168 1624 3204 τ

599 3227 733 3282 Inde
754 3268 757 3271 -
782 3241 976 3300 praeter
1016 3228 1374 3281 Interamnam
1394 3268 1409 3292 ,
1451 3230 1622 3300 Aqui-

599 3327 869 3380 numque,
908 3308 965 3360 in
1013 3308 1383 3379 Fregellanum
1434 3325 1623 3380 agrum

600 3387 668 3442 nd
693 3390 866 3441 Lirim
895 3388 1123 3441 fluvium
1146 3400 1379 3441 ventum.
1404 3390 1621 3445 ιΗΑιιι).

685 3476 773 3533 4ο.
848 3469 1108 3520 Ilionenses
1122 3507 1137 3533 ,
1201 3468 1412 3539 Lauinii.
1464 3469 1624 3523 Forte

600 3550 715 3603 haee
753 3549 1079 3620 conjunctim
1116 3545 1366 3619 legenda,
1395 3562 1455 3601 ut
1493 3548 1624 3601 Ilio-

600 3648 787 3682 nenses
808 3628 937 3682 dicti
966 3629 1098 3693 sint,
1120 3626 1267 3699 quod
1290 3630 1361 3682 ab
1378 3630 1483 3681 Ilio
1510 3629 1624 3700 pri-

602 3711 675 3761 mi
710 3712 825 3779 ejus
854 3708 1045 3780 oppidi
1075 3709 1263 3761 ineolae
1300 3726 1426 3761 cum
1457 3712 1624 3762 AEnea

601 3801 888 3853 venerunt,
928 3789 1019 3841 cui
1049 3785 1255 3859 oppido
1286 3806 1484 3842 nomen
1521 3790 1626 3841 La-

579 3868 747 3920 'vinio
766 3868 945 3921 fuerit.
962 3869 1027 3921 In
1050 3884 1113 3921 eo
1133 3868 1267 3921 colle
1284 3870 1443 3921 situm
1466 3869 1627 3922 fuisse

600 3945 833 4014 videtur,
859 3949 953 4018 qui
982 3966 1128 4000 nunc
1168 3949 1331 4021 vulgo
1368 3950 1550 4001 Monte
1571 3950 1626 4001 di

496 4053 509 4060 -
600 4028 815 4089 Lemno,
834 4044 900 4079 κ.
920 4044 976 4081 n.
1000 4046 1132 4098 pass.
1158 4046 1315 4100 supra
1334 4028 1620 4083 Patricam.

602 4107 837 4161 Holsten.
870 4108 1079 4159 Lanuvii
1106 4109 1345 4179 reposuit
1386 4110 1616 4161 Hermo-

842 836 862 867 ,
918 784 1084 853 urbe
1146 786 1482 879 quondam
1544 785 1876 879 Stephane
1940 785 2118 855 dicta
2143 816 2192 869 ‚·
2229 789 2652 859 Privernates
2673 779 2761 873 ⁴⁴,

1729 996 1844 1048 laus
1870 1014 1934 1048 ex
1955 996 2274 1063 Ptolemaeo,
2303 1000 2375 1051 ob
2402 1010 2552 1053 vetus
2579 1000 2763 1053 muni-

1730 1075 1933 1146 cipium
1974 1076 2302 1145 Lanuvium,
2326 1078 2420 1149 qui
2467 1097 2635 1150 pagus
2685 1092 2766 1133 est

1728 1154 1892 1207 hodie
1921 1156 2154 1208 lndom’na
2170 1196 2186 1221 ‚
2213 1156 2361 1210 haud
2388 1158 2585 1230 procul
2615 1156 2766 1211 veli-

1729 1234 1842 1288 tris.
1885 1237 1958 1287 At
1989 1238 2162 1306 major
2199 1236 2359 1307 longe
2394 1236 2628 1307 dignitas
2656 1240 2764 1291 Ln-

1725 1314 1862 1368 vinii
1883 1315 1986 1378 fuit
1999 1354 2014 1377 ,
2061 1328 2120 1367 ut
2137 1327 2370 1369 vetustas
2389 1318 2564 1388 major
2587 1336 2602 1370 ε
2631 1336 2762 1370 nam

1724 1408 1784 1447 ut
1810 1394 1985 1447 Varro
2015 1394 2092 1448 ait
2114 1392 2184 1448 de
2205 1395 2362 1467 Ling.
2381 1396 2497 1449 Lat.
2527 1396 2626 1449 lib.
2651 1394 2758 1462 IV,

1723 1492 1846 1545 pag.
1865 1474 1966 1527 35:
1991 1502 2013 1522 ι
2031 1474 2333 1547 Oppidum,
2353 1474 2500 1547 quod
2517 1476 2764 1547 primum

1724 1552 2005 1607 conditum
2031 1556 2088 1607 in
2114 1556 2270 1608 Latio
2297 1556 2478 1626 stirpis
2499 1557 2763 1611 Romano

1723 1634 2002 1687 Lavinium
2027 1634 2130 1687 fuit
2155 1652 2172 1688 ε
2219 1635 2326 1688 hoe
2348 1652 2379 1687 a
2409 1636 2588 1689 Latini
2613 1636 2758 1699 fluia,

1723 1732 1843 1785 qun
1911 1718 2195 1785 conjuncta
2259 1717 2469 1779 AEneae,
2532 1716 2762 1769 Lavinia

1721 1792 1982 1865 appellata
1998 1834 2014 1859 ,
2065 1806 2167 1848 etc.
2193 1820 2215 1841 ι
2282 1794 2574 1859 Frontino,
2629 1814 2757 1867 pag.

1725 1874 1798 1926 86
1811 1913 1827 1939 ,
1840 1884 1894 1926 et
1921 1893 1943 1926 1
1960 1880 2050 1937 24,
2071 1874 2511 1926 Lauro-Lavinium
2527 1872 2754 1929 dicitur.

1723 1953 2013 2023 Dionysius
2050 1953 2222 2007 Halic.
2255 1954 2516 2024 Antiquit.
2556 1954 2656 2008 lib.
2685 1957 2761 2019 V,

1721 2050 1841 2104 pag.
1868 2035 2010 2103 ²87³
2031 2034 2278 2087 Λαουΐνιον
2322 2034 2625 2103 μητρόπολις
2667 2042 2758 2089 τοῦ

1722 2113 1950 2165 Λατίνων
1979 2113 2165 2185 γένους.
2191 2113 2387 2166 Incolae
2414 2110 2722 2169 naemu-ad
2741 2152 2756 2172 .

1722 2209 1840 2262 pag.
1891 2190 2022 2246 326.
2065 2192 2135 2243 H.
2166 2222 2246 2234 —
2275 2190 2588 2263 Legendum
2631 2194 2760 2246 1150-

1722 2290 1886 2323 nenses
1929 2272 2124 2325 Lavine'e'
2133 2310 2150 2336 ,
2181 2272 2294 2324 eine
2338 2286 2602 2325 commate
2625 2294 2642 2340 3
2705 2287 2761 2328 et

1723 2351 1795 2404 ita
1806 2350 1968 2404 habet
1991 2348 2156 2404 editio
2175 2351 2439 2422 princeps.
2457 2351 2644 2405 Livius
2655 2352 2755 2406 lib.

1721 2432 1768 2496 1,
1782 2450 1828 2484 c.
1849 2448 1871 2483 1
1891 2448 1906 2485 ε
1929 2431 2184 2501 «Ti-ojani
2209 2429 2469 2503 oppidum
2491 2430 2757 2486 condunt.

1723 2509 1916 2565 AEneas
1936 2510 2004 2563 ab
2022 2510 2242 2563 nomine
2263 2511 2443 2565 uxoris
2464 2511 2758 2566 Lavinium

1721 2591 1970 2663 appeliat-
1995 2616 2018 2637 ι
2039 2590 2210 2643 Bnor.

1806 2678 1899 2735 41.
1952 2669 2192 2723 Norbani.
2236 2668 2419 2723 Norba
2447 2670 2579 2723 olim
2613 2670 2758 2724 vol·

1721 2764 1934 2803 ecorum
1983 2747 2246 2820 oppidum
2269 2788 2286 2815 ,
2341 2748 2510 2803 hodie
2559 2750 2758 2804 Nor-nia

1721 2833 1966 2891 meinata,
2011 2828 2246 2899 Signiam
2286 2830 2453 2894 inter,
2498 2828 2754 2901 paludes·

1719 2928 1824 2980 que
1854 2908 2181 2980 Pomptinas.
2213 2910 2331 2961 Liv.
2360 2908 2460 2962 lib.
2490 2910 2747 2975 xxxn,

1720 3006 1834 3061 cap.
1873 3009 1927 3042 a.
1962 2989 2150 3041 Hum.

1802 3077 1891 3134 42.
1933 3068 2244 3121 Nomentani.
2285 3069 2622 3122 Nomentum
2648 3090 2755 3143 op·

1716 3146 1904 3219 pidum
1927 3148 2080 3201 Livio
2097 3188 2112 3213 ,
2141 3148 2241 3202 lib.
2263 3149 2292 3200 1
2309 3184 2325 3211 ‚
2351 3166 2466 3220 cap.
2500 3152 2595 3203 28.
2627 3150 2748 3203 Ho-

1713 3227 1802 3281 die
1827 3228 1905 3281 La
1935 3228 2188 3281 Mentana.
2236 3228 2488 3293 Baceius,
2533 3228 2634 3281 lib.
2669 3230 2751 3295 V,

1711 3326 1830 3379 pag.
1866 3326 1973 3379 ²71
1997 3347 2013 3374 ,
2036 3308 2096 3360 in
2120 3309 2288 3361 Terra
2315 3308 2528 3361 Sabina.
2553 3308 2743 3363 Hum.

1735 3381 1742 3387 ’
1794 3388 1888 3452 43.
1913 3388 2223 3441 Proenestini.
2269 3388 2416 3440 Urbs
2459 3388 2751 3455 Praeneste,

1711 3469 2012 3537 Πραίνεστος
2037 3467 2284 3521 Straboni
2307 3508 2323 3533 ‚
2345 3468 2497 3520 lib.V
2525 3487 2581 3539 p.
2612 3468 2750 3535 238,

1713 3547 1807 3600 ubi
1819 3560 1873 3601 et
1881 3550 2248 3619 Πολυστέφανον
2267 3546 2538 3619 quondam
2553 3550 2751 3621 appel·

1712 3626 1868 3681 latam
1890 3628 2104 3694 scribit,
2134 3646 2244 3699 quo
2269 3628 2490 3681 nomine
2517 3646 2748 3683 corona-

1713 3726 1836 3759 rum
1873 3704 2165 3762 multitudo
2205 3707 2538 3778 exprimitur.
2567 3707 2748 3761 Hodie

1713 3786 1986 3841 Pilastrina
1997 3826 2012 3851 ,
2039 3801 2093 3841 et
2109 3788 2390 3840 Pale-terina
2415 3785 2575 3840 dicta.
2595 3788 2746 3841 Olim

1715 3886 1924 3921 summo
1950 3867 2146 3921 montis
2167 3868 2506 3921 attollebatur
2527 3870 2682 3939 jugo.
2700 3870 2748 3919 A

1713 3948 1993 4001 Bonifacio
2019 3949 2160 4000 VIII
2199 3946 2412 4010 diruta,
2456 3947 2512 4000 in
2553 3948 2748 4001 vallem

1710 4026 1908 4082 deinde
1937 4026 2142 4098 dejecta
2169 4040 2260 4081 est.
2290 4027 2474 4082 Hum.

1791 4114 1885 4172 44.
1937 4110 2261 4162 Privernates.
2299 4112 2368 4178 115
2379 4109 2604 4179 ιουίρνιον
2623 4107 2754 4161 Pto»
