2950 5017
1291 452 1599 521 LlnER
1630 464 1635 469 ·
1662 454 1746 524 v.
2452 446 2595 543 469

453 606 640 651 oram
696 584 1012 651 Samaria.
1075 582 1418 677 Oppidum
1472 583 1712 653 Ascalo
1731 571 1778 615 ¹⁴
1843 581 2123 651 liberum
2146 635 2164 667 ‚
2228 568 2591 651 Azotus¹⁵:

453 693 745 757 Jamneae
787 674 1032 777 duae¹⁶,
1065 687 1271 759 altera
1307 689 1568 759 intus¹⁷.
1614 676 1900 784 Joppe¹⁸
1944 687 2336 758 Phoenicum
2359 742 2377 775 ,
2416 690 2591 755 anti-

455 796 652 889 quior
685 808 1014 863 terrarum
1059 795 1490 865 inundatione
1509 849 1528 884 ‚

1576 810 1653 865 ut
1692 796 1935 864 ferunt.
1984 792 2296 863 Insidet¹⁹
2354 791 2589 861 collem
2631 804 2661 855 3

455 902 850 995 praejacente
873 924 1032 971 saxo
1047 954 1067 988 ‚
1091 903 1162 971 in
1183 928 1317 995 quo
1339 899 1763 972 vinculorum
1790 899 2293 970 Andromedae²⁰
2318 900 2595 993 vestigia

457 1005 833 1076 ostendunt.
863 1006 1127 1077 Colitur
1154 1006 1286 1077 illic
1320 1007 1622 1078 fabulosa
1654 1008 1904 1078 Ceto²‘.
1939 1006 2103 1075 Inde
2138 1004 2488 1099 Apollonia
2512 1006 2593 1073 ²²:

457 1114 784 1183 Stratonis
799 1101 848 1142 ²³
885 1114 1086 1183 turris
1101 1166 1122 1195 ‚
1159 1114 1390 1184 eadem
1433 1117 1739 1185 Caesarea
1754 1167 1773 1203 ,
1809 1113 1895 1183 ab
1932 1111 2201 1182 Herode
2237 1130 2392 1205 rege
2436 1136 2599 1181 con·
2674 1188 2681 1196 ‚

457 1301 513 1343 et
545 1289 866 1344 recentiores
907 1289 1198 1354 editiones,
1240 1292 1481 1362 Angor-is.

457 1370 614 1422 Mons
659 1381 738 1424 est
763 1370 1024 1437 Gerizim,
1067 1370 1318 1424 Samaria
1345 1371 1484 1425 celc-

457 1450 748 1515 berrimus‚
774 1468 935 1521 quem
955 1449 1138 1503 videre
1163 1462 1240 1503 est
1261 1451 1318 1503 in
1330 1470 1487 1503 num·

457 1528 560 1591 mis
579 1528 818 1601 Philippi
857 1530 1194 1600 imperatoris
1222 1530 1450 1601 Neapoli
1471 1568 1487 1599 ,

459 1606 529 1661 de
555 1626 662 1679 qua
684 1627 811 1662 mox
833 1606 1064 1675 dicetur,
1089 1609 1244 1662 cusis.
1270 1611 1440 1662 Bnor·

546 1706 568 1739 1
581 1686 834 1751 4.Ascalo.
848 1680 1316 1753 Θτωοὶελσκάλων,
1325 1702 1489 1759 utque

460 1766 533 1819 ita
550 1765 760 1819 nummi
789 1769 1044 1839 Augusti,
1061 1767 1168 1820 Titi
1185 1806 1203 1832 ‚
1227 1780 1282 1822 et
1311 1768 1488 1821 Anto-

459 1844 594 1899 nini.
615 1845 794 1899 Hodie
813 1837 1044 1901 Scaloiaa.
1062 1847 1241 1901 Ham).

550 1924 638 1979 15.
663 1926 876 1980 Azotus.
907 1926 1089 1980 Chiffl.
1124 1929 1350 1980 Azostos.
1381 1926 1487 1980 En.

461 2034 544 2047 -—
559 1996 779 2073 Χζωτος,
805 2007 943 2069 πόλις
976 2008 1310 2068 Παλαιστίνης
1326 2043 1343 2071 ,
1373 2006 1491 2058 Ste-

464 2083 672 2155 phano,
704 2098 758 2138 et
785 2086 1106 2151 Ptolemaeo,
1135 2086 1232 2139 lib.
1257 2085 1330 2150 V,
1369 2102 1491 2156 cap.

479 2167 568 2217 16.
586 2164 757 2217 Distat
779 2184 810 2217 a
834 2167 869 2219 J
871 2184 1052 2219 amnes
1073 2164 1310 2229 littorali,
1330 2184 1399 2219 xx
1423 2182 1490 2218 rt.

471 2260 527 2293 ι».
553 2243 598 2297 si
622 2245 896 2297 Antonino
922 2244 1222 2297 credimus:
1273 2246 1318 2298 si
1349 2246 1494 2299 Stra·

471 2322 632 2388 boni,
659 2323 753 2375 lib.
773 2324 886 2386 VI,
915 2343 1038 2397 pag.
1077 2324 1222 2395 759,
1239 2343 1364 2389 xxv,
1387 2325 1495 2378 hoc

471 2414 582 2468 est,
621 2420 684 2455 ce
723 2401 919 2456 stadiis.
957 2405 1142 2457 Hum.
1174 2434 1257 2445 —-
1282 2406 1496 2457 Nomen

473 2494 645 2535 servat
667 2482 930 2553 oppidum
950 2482 1086 2535 illud
1099 2520 1116 2548 ,
1133 2484 1376 2553 quamvis
1385 2483 1497 2536 fere

471 2560 693 2614 omuino
717 2561 973 2615 dirutum.
1005 2564 1109 2615 En.

561 2643 650 2694 16.
674 2640 894 2693 Jamneoe
918 2642 1042 2694 ἅμα.
1076 2643 1258 2695 Dalec.
1300 2642 1499 2695 Jamnes

473 2718 601 2773 dua.
624 2718 729 2773 En.
747 2721 1083 2786 -Quarnm
1109 2722 1270 2775 altera
1292 2722 1499 2774 samni-

473 2812 646 2852 tarum
701 2814 890 2871 portus
927 2799 997 2854 ad
1039 2818 1216 2867 mare,
1255 2791 1497 2871 Ῐαμνιτῶν

473 2879 616 2949 λιμὴν
650 2879 972 2946 Ptolemaeo,
1004 2880 1099 2933 lib.
1134 2881 1209 2946 V,
1237 2896 1354 2951 cap.
1396 2884 1500 2945 16,

473 2960 638 3011 altera
661 2960 790 3012 urbs
823 2960 938 3029 ipsa
983 2959 1260 3029 paululum
1299 2978 1331 3011 s
1363 2959 1504 3012 mari

474 3049 671 3091 semota
688 3070 706 3100 ,
727 3030 936 3110 Ῐᾶμνιια.
962 3040 1240 3104 Straboni,
1267 3039 1308 3093 l.
1335 3040 1469 3092 XVI
1486 3078 1503 3105 ,

475 3134 534 3187 p.
557 3116 694 3185 759.
719 3119 990 3191 Stephano
1011 3110 1211 3189 Ῐᾶμνια.
1242 3118 1351 3190 Ipsi
1374 3120 1503 3171 Pto-

477 3196 664 3249 lemoo
712 3197 772 3251 in
827 3198 1054 3251 urbibus
1103 3196 1505 3253 mediterraneis

477 3268 682 3346 Ῑάμνιια
698 3316 715 3342 ,
735 3276 824 3329 cui
839 3276 1107 3350 hodieque
1122 3290 1388 3331 vetustum
1405 3297 1505 3331 no·

479 3372 602 3408 men
625 3369 828 3423 manet,
847 3357 1016 3410 lebna.
1039 3358 1221 3410 Hum.

565 3452 658 3505 17.
689 3435 846 3491 Intus.
870 3438 995 3492 Vet.
1021 3435 1169 3509 apud
1191 3438 1501 3509 Dalecamp.

478 3516 632 3568 vicus.
653 3516 760 3568 En.

567 3612 592 3648 1
605 3597 659 3648 8.
697 3594 870 3665 Ioppe.
919 3586 1084 3654 Ῐόππη
1103 3635 1119 3662 ,
1154 3614 1301 3650 nnnc
1339 3596 1503 3664 Jqffa.

481 3673 624 3726 Mela
637 3674 909 3740 similiter,
925 3676 1022 3729 lib.
1043 3677 1072 3728 Ι
1089 3712 1103 3735 ,
1123 3694 1240 3747 cap.
1264 3696 1287 3731 1
1303 3694 1326 3729 1
1346 3696 1362 3733 a
1383 3676 1511 3729 «Est

1570 1292 1838 1365 rosolyma
1861 1332 1878 1356 ,
1922 1292 1958 1342 J
1962 1289 2238 1343 udaeorum
2290 1290 2601 1361 metropolis

1571 1372 1757 1441 possit.
1802 1371 1961 1423 Conf.
2015 1371 2206 1449 Strabo
2222 1408 2239 1435 ,
2292 1369 2389 1423 lib.
2428 1370 2600 1433 XVI,

1571 1468 1694 1521 pag.
1716 1470 1738 1503 1
1754 1450 1843 1519 59.
1874 1451 2057 1503 Ham).

1658 1548 1747 1584 ιο.
1778 1528 2122 1583 Andromedae.
2164 1528 2343 1594 Quam
2376 1528 2455 1581 ibi
2483 1539 2602 1581 ceto

1573 1625 1604 1660 a
1630 1620 1800 1661 matre
1840 1609 2160 1679 expositam,
2188 1626 2316 1660 mox
2351 1626 2381 1660 a
2407 1607 2601 1660 Perseo

1574 1701 1809 1759 ereptam
1854 1688 2179 1740 fabulantur.
2210 1686 2339 1739 Visa
2380 1687 2456 1739 ihi
2488 1685 2601 1740 haec

1571 1767 1784 1825 vincula
1807 1768 1951 1820 testis
1968 1780 2043 1819 est
2071 1784 2286 1839 quoque
2312 1766 2600 1838 J'osephus,

1574 1847 1670 1901 lib.
1695 1847 1779 1898 111
1806 1848 1933 1899 belli
1960 1844 2173 1899 Judaic.
2198 1864 2317 1916 cap.
2350 1846 2439 1899 15.
2461 1843 2604 1898 Vide

1576 1924 1998 1997 Apollodorum,
2037 1924 2105 1979 de
2142 1926 2259 1979 Diis
2298 1924 2395 1979 lib.
2426 1925 2514 1991 II,
2545 1944 2602 1997 p.

1580 2007 1677 2077 95.
1704 2006 1884 2058 Hm).

1662 2102 1691 2137 2
1705 2102 1729 2137 1
1744 2124 1757 2138 .
1810 2084 1946 2137 Ceto.
1999 2085 2134 2150 Qun
2184 2082 2444 2138 Nereidos
2493 2082 2606 2136 fere

1574 2164 1751 2217 forma
1790 2164 2135 2235 pingebatur,
2174 2164 2343 2234 figura
2372 2182 2435 2215 ex
2461 2163 2607 2232 pisce

1579 2243 1888 2314 feminaque
1930 2244 2221 2316 composita
2254 2262 2267 2296 :
2307 2240 2609 2314 cujusmodi

1580 2324 1638 2375 in
1664 2324 1879 2375 vetustis
1903 2324 2069 2395 Syriae
2103 2342 2167 2376 ac
2209 2322 2610 2393 Mesopotamia

1580 2402 1815 2455 nummis
1839 2403 2075 2473 conspici
2100 2400 2355 2457 creditur.
2397 2398 2609 2454 Idcirco

1581 2482 1873 2535 fabulosam
1896 2494 2070 2538 vocat.
2095 2482 2369 2535 Ciceronis
2386 2479 2525 2534 illud
2544 2498 2610 2533 eo

1582 2542 1983 2630 forte‘pertinet
1998 2600 2013 2626 ,
2031 2566 2207 2632 piscem
2234 2559 2350 2635 Syri
2374 2578 2611 2611 veneran-

1586 2652 1692 2705 tur,
1732 2638 1801 2693 de
1842 2640 2042 2693 Natura
2084 2642 2323 2693 Deorum
2362 2640 2460 2693 lib.
2506 2638 2609 2693 111.

1585 2720 1767 2773 Rutu.
1780 2751 1862 2763 —-
1886 2720 1991 2773 Pro
2019 2720 2141 2774 Ceto
2160 2720 2456 2773 Frobenius
2478 2720 2611 2770 Der-

1588 2811 1691 2853 ceto
1705 2837 1721 2864 ,
1742 2816 1805 2852 ex
1828 2818 1874 2853 c.
1899 2818 1967 2869 19
1988 2838 2004 2865 ,
2024 2800 2131 2852 huc
2148 2796 2431 2853 transtulit.
2454 2800 2613 2852 Certe

1592 2880 1713 2933 Ceto
1722 2878 1959 2931 hocloco
1991 2880 2232 2932 Pliniana
2245 2878 2425 2931 omnia
2440 2894 2615 2931 exem·

1586 2958 1756 3030 pluria
1779 2970 2155 3028 repraesentant
2170 2996 2186 3022 ,
2210 2960 2274 3012 R.
2306 2976 2329 3011 1
2347 2996 2365 3023 ,
2384 2978 2436 3024 α,
2454 2956 2612 3012 colb.

1596 3058 1621 3093 1
1639 3078 1657 3104 ‚
1688 3057 1751 3102 ι,
1786 3037 1949 3092 Paris.
1996 3038 2185 3092 Chiffl.
2212 3037 2364 3090 Libri
2398 3055 2615 3109 quoque

1587 3116 1747 3183 editi,
1769 3117 1949 3171 Parm.
1978 3118 2113 3171 Ven.
2140 3118 2283 3171 Brix.
2331 3116 2617 3188 caeterique

1586 3210 1712 3252 ante
1740 3198 2083 3251 Frobenium.
2111 3198 2297 3251 Ilum.

1672 3296 1761 3331 υ.
1792 3277 2075 3347 Apollonia.
2099 3277 2367 3347 Stephano
2388 3265 2621 3328 Ᾰπολλω·

1589 3358 1673 3411 νία
1702 3355 1836 3411 κατὰ
1865 3346 2073 3414 idun-m.
2098 3358 2256 3411 Nunc
2285 3356 2465 3422 Arzus:
2492 3354 2597 3407 En.

1676 3438 1769 3490 23.
1820 3434 2080 3489 Stratonis.
2127 3436 2411 3505 Στράτωνος
2437 3434 2619 3503 πύργος

1594 3515 1842 3570 Straboni
1856 3555 1872 3580 ,
1886 3516 1984 3569 lib.
1999 3516 2133 3568 xvl
2150 3553 2167 3580 ,
2182 3532 2238 3585 p.
2265 3514 2401 3585 758.
2422 3511 2622 3565 Eadem

1596 3596 1879 3667 Καισάριια.
1918 3595 2203 3665 Στράτωνος
2232 3593 2549 3657 Ptolemaeo,
2582 3592 2625 3647 l.

1597 3676 1671 3739 V,
1699 3694 1817 3745 cap.
1862 3678 1930 3728 16
1947 3711 1964 3739 ,
1993 3687 2047 3726 et
2074 3674 2309 3727 Caesarea
2347 3671 2625 3725 Palestinae

480 3754 515 3806 J
516 3770 690 3823 oppe,
715 3754 890 3825 inquit
904 3793 920 3820 ,
963 3768 1086 3809 ante
1125 3754 1388 3809 diluvium
1405 3790 1424 3818 ,
1451 3770 1513 3809 ut
1598 3754 1763 3825 vulgo
1788 3754 2082 3826 appellata:
2106 3764 2266 3825 quam
2298 3770 2419 3804 cum
2458 3751 2630 3805 caesa-

483 3832 691 3899 ferunt,
731 3832 962 3887 condita.
985 3860 1008 3881 ιι
1043 3836 1229 3888 Ham).
1600 3852 1691 3887 rea
1721 3833 1995 3905 Philippi,
2033 3832 2144 3885 sive
2182 3829 2425 3885 Paneade
2464 3827 2628 3892 dicta.

571 3930 660 3981 19.
683 3912 864 3965 Incidet
888 3914 1068 3966 collem.
1081 3914 1205 3967 Vct.
1229 3914 1513 3985 ap.Dalec.
1600 3931 1883 3985 perperam
1913 3912 2091 3966 Surita
2121 3908 2407 3965 confundit
2422 3910 2478 3962 in
2504 3912 2631 3965 ltin.

487 3991 661 4043 insidet
682 3992 814 4046 colli.
845 3993 1194 4047 En.—Colli
1217 3994 1517 4064 imponitur
1605 3996 1802 4048 Anton.
1834 3992 2149 4063 Hieronym.
2186 3992 2241 4044 in
2274 3989 2483 4043 Chron.
2512 4008 2634 4061 pag.

462 4066 620 4125 adeo
655 4070 837 4137 edito,
877 4086 936 4127 nt
965 4070 1092 4126 inde
1125 4073 1364 4145 conspici
1389 4072 1518 4127 Hie·
1612 4072 1739 4139 155,
1758 4092 1842 4127 an.
1872 4069 2162 4143 4,0lymp.
2192 4088 2295 4138 191
2319 4086 2333 4121 :
2361 4066 2641 4125 «Herodes

2239 4162 2378 4247 30³
