2950 5017
607 393 761 466 350

1124 395 1204 461 C.
1264 391 1613 463 PLINII
1669 389 1892 461 NAT.
1962 395 2228 461 HIST.

604 517 811 620 (xiv.)
848 525 1122 594 Rhaetiae
1156 511 1403 620 prope⁶
1432 526 1630 595 unius
1657 525 1910 619 majore
1946 522 2334 607 latitudine,
2383 549 2540 592 sane
2575 524 2728 592 circa

601 657 943 702 excessum
988 631 1164 725 ejus⁷
1210 633 1523 701 subactae.
1581 634 1755 702 Nam
1825 632 2190 700 Germania
2243 628 2471 698 multis

2613 644 2728 698 stea

606 741 829 822 annis,
898 762 1023 806 nec
1096 751 1275 824 tota,
1347 739 1738 833 percognita
1786 751 1904 806 est.
1975 738 2044 806 Si
2116 736 2500 830 conjectare
2601 760 2728 830 per·

604 847 919 927 mittitur,
963 843 1146 912 haud
1188 844 1473 913 multum
1513 869 1648 914 orae
1687 843 1897 912 deerit
1928 845 2322 912 Graecorum
2363 838 2729 936 opinione⁹,

604 967 673 1020 et
728 949 1181 1044 longitudini¹⁰
1236 951 1321 1018 ab
1380 953 1676 1045 Agrippa
1721 949 2016 1044 proditae.
2081 951 2576 1018 Germanorum
2629 971 2730 1042 ge·

604 1081 768 1126 nera
809 1057 1154 1151 quinque:
1208 1055 1570 1126 Vindili¹¹z
1619 1081 1904 1151 quorum
1949 1079 2103 1148 pars
2155 1051 2733 1148 Burgundiones¹'‚

686 1198 741 1248 6.
774 1193 966 1245 thoeee'a
1004 1211 1172 1262 prope.
1212 1193 1506 1264 Agrippam
1547 1211 1648 1274 re7
1719 1192 1874 1247 locus
1899 1190 2095 1256 datur,
2134 1191 2347 1262 inquit,
2375 1193 2557 1244 minor
2589 1191 2732 1261 paulo

604 1271 893 1345 prehendit
908 1309 923 1336 ,
953 1273 1047 1342 qui
1070 1272 1373 1325 Germania!
1396 1273 1636 1326 Rhaetioe·

602 1370 738 1424 que‚
767 1365 821 1404 et
840 1351 1025 1403 Norici
1048 1351 1387 1406 latitudinem
1410 1365 1516 1404 tam
1541 1370 1636 1404 an·

602 1432 769 1504 gustis
786 1430 1053 1484 definierit
1068 1431 1271 1502 spatiis:
1297 1450 1464 1502 quum
1483 1431 1634 1484 Rhae-

602 1513 690 1565 tiae
728 1510 889 1563 unius
920 1529 1092 1581 prope
1120 1512 1291 1581 major
1328 1513 1428 1575 sit,
1466 1529 1634 1582 quam

602 1603 851 1664 quantam
880 1590 1185 1659 tergeminae
1210 1590 1291 1641 illi
1321 1591 1524 1662 regioni
1553 1608 1635 1642 as·

603 1669 919 1742 signaverit:
940 1669 1124 1722 saltem
1145 1669 1317 1740 qualis
1329 1682 1634 1741 quantaque

605 1748 809 1803 Rhaetia
858 1748 1070 1818 cognita
1116 1762 1193 1800 est
1213 1787 1233 1813 ‚
1282 1767 1449 1820 quum
1492 1750 1632 1803 circa

604 1829 862 1900 Agrippae
903 1828 1111 1881 obitum
1147 1829 1520 1881 Romanorum
1550 1847 1634 1881 ar-

604 1911 705 1962 mis
742 1920 823 1960 est
862 1905 1084 1960 domita.
1126 1907 1265 1960 Nam
1306 1907 1632 1969 Germania,

605 2007 676 2040 ne
700 1986 885 2040 multis
912 1986 1129 2055 quidem
1171 1999 1293 2058 post
1320 1988 1472 2039 annis
1489 2024 1505 2049 ‚
1535 2006 1636 2040 nee

606 2080 716 2120 tota
750 2066 908 2118 etiam
928 2106 943 2128 ,
994 2066 1206 2119 lustrari
1240 2067 1497 2138 noscique
1536 2086 1635 2137 po-

606 2147 726 2200 tuit.
755 2145 947 2198 Avulsa
976 2147 1111 2198 male
1138 2147 1253 2198 haec
1278 2145 1436 2198 fuisse
1462 2146 1638 2199 hacte-

603 2245 706 2278 nus
732 2244 763 2278 a
790 2223 1209 2294 praecedentibus
1227 2265 1243 2290 ,
1276 2239 1396 2277 ante
1423 2244 1523 2277 nos
1550 2226 1638 2278 in-

604 2305 807 2358 tellexit
828 2305 1145 2358 Rhenanus:
1169 2301 1388 2356 evidens
1411 2304 1635 2358 inscitiae

606 2403 793 2436 eorum
820 2398 1192 2452 argumentum
1210 2423 1225 2449 ,
1252 2383 1349 2454 qui
1378 2384 1542 2436 Plinii
1569 2384 1635 2436 li·

606 2465 732 2516 bros
746 2463 799 2515 in
816 2463 985 2534 capita
1002 2462 1320 2516 distinxere:
1338 2481 1504 2533 quum
1519 2464 1636 2516 siue

606 2543 713 2594 illis
741 2555 983 2596 constare
1018 2541 1379 2596 antecedentia
1412 2543 1636 2596 minime

605 2623 829 2691 possint.
877 2620 1119 2674 Ridenda
1158 2639 1375 2693 quoque
1410 2620 1500 2675 hic
1522 2660 1538 2687 ,
1574 2633 1637 2674 ut

608 2702 789 2754 multis
814 2701 929 2755 aliis
958 2703 1013 2753 in
1041 2701 1209 2767 locis,
1241 2701 1436 2754 Gallici
1466 2703 1636 2754 inter-

606 2781 771 2850 pretis
799 2780 1145 2834 hallucinatio
1161 2819 1176 2845 ,
1214 2781 1307 2852 qui
1333 2780 1498 2833 verba
1521 2781 1635 2832 hoec

608 2861 770 2929 paulo
788 2874 904 2931 post
924 2861 1201 2931 sequentia
1213 2898 1229 2924 ,
1248 2863 1377 2912 circa
1395 2879 1635 2912 excessum

608 2943 737 3010 ejus,
766 2959 875 2992 non
907 2937 972 2990 ad
1001 2939 1251 3010 Agrippae
1277 2939 1516 3001 obitum,
1543 2935 1636 2991 sed

610 3017 678 3071 ad
706 3019 901 3072 exitum
935 3017 1236 3072 Germania
1258 3020 1445 3072 nescio
1472 3038 1634 3090 quem

609 3098 812 3151 retulit.
841 3099 1021 3150 Ham).

694 3197 749 3246 7.
792 3176 937 3231 Cei-ea
966 3196 1203 3228 excessum
1243 3179 1361 3247 ejus.
1390 3177 1634 3230 Rhenan.

610 3259 735 3308 eitra
771 3275 1027 3308 excessum.
1068 3255 1175 3308 En.
1208 3287 1291 3299 —-
1330 3254 1569 3310 Excessit
1607 3275 1636 3308 e

610 3337 747 3389 vivis
802 3337 1037 3407 Agrippa
1062 3374 1078 3399 ,
1138 3335 1358 3389 Valerio
1414 3337 1640 3389 Messala

611 3415 867 3481 Barbato,
886 3415 948 3467 P.
971 3414 1209 3484 Sulpicio
1236 3415 1486 3482 Quirinio
1505 3433 1638 3468 coss.

610 3513 751 3547 anno
778 3495 852 3548 U.
878 3495 943 3548 C.
980 3513 1233 3559 nccxmt,
1262 3509 1322 3548 ut
1352 3507 1539 3548 auctor
1560 3507 1640 3548 est

612 3575 752 3640 Dio,
780 3575 875 3627 lib.
904 3574 1065 3638 LIV,
1097 3595 1218 3646 pag.
1252 3575 1383 3638 541.
1413 3575 1639 3629 Subacta

610 3673 709 3724 per
756 3656 989 3707 Drusum
1033 3653 1420 3725 Tiberiumque
1440 3692 1457 3718 ‚
1504 3673 1638 3726 quos

608 3733 869 3786 exercitui
940 3737 1209 3804 Augustus
1290 3733 1598 3804 praefecerat
1618 3773 1632 3795 ‚

608 3813 813 3866 Rhatta
831 3852 846 3876 ,
870 3813 948 3865 M.
970 3815 1148 3865 Druso
1164 3813 1399 3874 Libone,
1430 3813 1493 3865 L.
1519 3813 1640 3865 Cal-

608 3893 809 3962 purnio
829 3892 1019 3944 Pisone
1034 3911 1169 3945 coss.
1184 3911 1325 3945 anno
1344 3909 1636 3956 nccxxnx,

610 3984 668 4023 ut
694 3969 836 4023 idem
862 3971 1027 4024 refert
1043 4009 1061 4037 ,
1084 3989 1205 4043 pag.
1238 3969 1373 4025 335.
1398 3969 1585 4025 Ham).

696 4079 749 4104 υ.
796 4050 846 4101 ἣ·
879 4053 1161 4122 conjectare.
1210 4050 1269 4102 Si
1313 4052 1635 4120 conjecture

1723 1274 1855 1336 erit,
1901 1290 2062 1344 quam
2117 1271 2324 1341 opinati
2369 1284 2494 1348 sunt
2545 1271 2736 1334 Greci,

1723 1351 2026 1406 Germania
2071 1369 2164 1404 ora
2191 1390 2209 1412 ‚
2261 1349 2426 1404 vicies
2473 1351 2734 1421 quinquies

1723 1445 1952 1485 centena
1977 1448 2044 1483 u.
2075 1448 2210 1500 pass.
2243 1442 2302 1482 ut
2331 1431 2493 1500 paulo
2519 1441 2642 1482 ante
2663 1427 2733 1482 di-

1723 1512 1931 1575 ximus,
1975 1510 2221 1580 colligere
2265 1511 2333 1561 ab
2377 1509 2462 1562 his
2506 1507 2733 1562 credita:

1721 1609 1824 1644 nec
1875 1589 2046 1642 multo
2087 1589 2248 1640 etiam
2290 1589 2508 1642 brevior
2529 1628 2548 1653 ,
2595 1605 2733 1660 quam

1723 1671 1962 1742 Agrippa
2008 1666 2254 1758 prod'gfit
2271 1707 2288 1733 ‚
2337 1668 2434 1740 qui
2487 1685 2738 1721 ncnxxxrr

1722 1750 1960 1803 millibus
1987 1766 2236 1820 passuum
2264 1748 2488 1800 omnino
2517 1746 2736 1811 definiit,

1723 1828 2026 1882 Germaniae
2063 1845 2186 1880 cum
2218 1827 2424 1880 Rhatta
2457 1839 2514 1879 et
2555 1828 2738 1880 Norico

1720 1906 2026 1980 longitudo.
2059 1906 2290 1978 Insignis
2315 1920 2496 1959 autem
2527 1907 2652 1959 ideo
2673 1918 2740 1960 est

1723 1991 2002 2058 utriusque
2017 2003 2279 2038 mensurae
2293 1983 2586 2038 discrimen
2597 2025 2612 2050 ,
2627 2004 2741 2056 quo·

1723 2068 1868 2120 niam
1898 2085 1996 2138 per
2030 2065 2298 2118 anfractus
2329 2065 2587 2135 sinusque
2619 2067 2740 2120 Ger-

1724 2147 1916 2200 manici
1935 2145 2135 2199 Oceani
2153 2145 2304 2214 prior
2321 2145 2412 2197 illa
2437 2145 2739 2198 Graecorum

1724 2225 1960 2279 excurrit
1987 2243 2000 2276 :
2039 2242 2267 2295 sequens
2291 2243 2424 2278 vero
2467 2226 2742 2296 Agrippa,

1723 2317 1916 2359 cuncta
1958 2303 2245 2356 Germania
2285 2303 2534 2356 nondum
2576 2305 2742 2376 explo-

1721 2399 1833 2438 rata
1853 2424 1869 2450 ,
1899 2382 2346 2436 mediterraneam
2385 2396 2602 2436 tantum
2643 2386 2743 2454 ejus

1723 2463 1945 2536 cognitae
1997 2475 2207 2534 partem
2230 2502 2250 2526 ,
2310 2473 2488 2516 tractu
2547 2463 2743 2516 diverso

1723 2543 1960 2598 metitur.
1989 2541 2174 2595 llum.

1803 2641 1859 2692 9.
1893 2621 2152 2691 Opinione.
2183 2617 2274 2672 Sic
2305 2639 2391 2691 up.
2423 2621 2614 2676 Chiffl.
2633 2619 2746 2676 Dal.

1725 2703 1956 2773 opinioni.
1985 2700 2090 2752 En.

1809 2797 1895 2834 ιο.
1925 2779 2084 2848 Long.
2115 2779 2180 2832 ab
2211 2779 2344 2848 Agr.
2365 2779 2604 2850 pmditae.
2635 2781 2746 2831 vet.

1721 2879 1809 2931 ap.
1839 2859 1957 2914 Dal.
1987 2861 2122 2926 long.
2145 2857 2209 2909 ab
2229 2860 2364 2927 Agr.
2395 2860 2618 2913 tradite.
2655 2861 2748 2912 En.

1813 2959 1834 2993 ι
1854 2961 1898 2992 1.
1926 2938 2134 2990 Vindia.
2168 2937 2249 2990 Ita
2278 2939 2408 3007 Reg.
2445 2961 2494 2992 ι.
2531 2943 2602 2992 At
2629 2941 2743 3008 neg.

1729 3038 1796 3080 a,
1835 3018 1992 3072 Colb.
2038 3035 2102 3082 1,
2145 3035 2214 3079 a,
2255 3017 2441 3070 Chim.
2483 3031 2548 3071 et
2591 3019 2751 3072 Paris.

1730 3097 1952 3150 Vandili.
1981 3097 2200 3149 Tacitus
2239 3095 2542 3152 Vandalicis
2579 3109 2752 3160 vocat,

1723 3176 1824 3230 lib.
1855 3175 1924 3229 de
1965 3175 2207 3228 moribus
2239 3175 2426 3230 Germ.
2461 3197 2594 3250 pag.
2633 3177 2754 3231 ¹23.

1723 3255 1791 3308 In
1819 3255 2022 3309 Notitia
2051 3255 2251 3326 Dignit.
2285 3255 2429 3324 Imp.
2449 3258 2616 3310 Rom.
2649 3275 2753 3328 cap.

1732 3337 1825 3403 18,
1852 3335 1951 3388 Ala
1979 3335 2037 3386 V
2031 3335 2320 3387 andilorum.
2343 3335 2428 3388 Ex
2449 3336 2758 3392 Vandalicis

1725 3415 2000 3469 montibus
2029 3415 2230 3468 Albion
2265 3433 2480 3468 amnem
2513 3417 2757 3479 effluere,

1725 3507 1780 3548 et
1807 3497 1864 3548 in
1892 3497 2170 3548 Oceanum
2198 3493 2442 3559 effundi,
2465 3511 2663 3550 auctor
2690 3508 2760 3548 est

1725 3574 1862 3640 Dio,
1890 3575 1983 3627 lib.
2017 3575 2137 3638 LV,
2164 3592 2283 3645 pag.
2319 3573 2452 3637 548.
2493 3573 2762 3640 Vandali,

1724 3653 1904 3726 inquit
1924 3654 2197 3721 Mariana,
2223 3653 2363 3706 nist.
2391 3654 2554 3726 nisp.
2579 3655 2672 3708 lib.
2696 3655 2763 3716 V,

1725 3752 1844 3803 cap.
1881 3756 1926 3796 1,
1949 3754 2004 3805 p.
2041 3733 2142 3787 185
2165 3774 2181 3798 ,
2207 3733 2411 3804 quibus
2439 3735 2618 3788 ferme
2641 3733 2764 3788 loeis

1724 3831 1871 3864 nunc
1907 3813 2380 3882 Mekelburgenses
2421 3827 2550 3867 sunt
2583 3828 2638 3867 et
2667 3813 2766 3866 Po-

1725 3893 1947 3944 merani.
1977 3892 2161 3945 Han.

1813 3987 1836 4021 1
1851 3992 1900 4023 a.
1925 3970 2317 4039 Burgundiones.
2347 3971 2768 4044 Burgundiones

1725 4068 1848 4122 pars
1889 4049 2298 4118 Vandalorum‚
2340 4070 2368 4102 a
2402 4051 2633 4122 burgis,
2669 4052 2764 4104 hor.
