2950 5017
639 440 777 512 288
1183 441 1260 509 C.
1310 442 1649 512 PLINII
1696 440 1908 512 NAT.
1956 440 2216 510 HIST.

635 573 890 645 Intus¹⁰
926 575 1160 667 Bizya‚
1195 595 1314 642 arx
1345 597 1579 667 regum
1614 573 1945 660 Thraciae,
1970 595 2011 640 a
2052 573 2251 641 Terei
2264 568 2311 596 ¹¹
2358 571 2602 642 nefasto
2626 575 2775 642 cri-

635 684 816 750 mine
841 681 1054 750 invisa
1080 678 1571 749 hirundinibus·
1604 680 1817 773 Regio
1850 676 2176 748 Caenica¹²
2182 725 2206 764 .,
2244 675 2499 747 colonia
2522 678 2783 748 Flavio-

634 771 869 881 polis¹³
875 839 895 870 ‚
931 785 1047 853 ubi
1083 799 1276 854 antea
1321 783 1476 854 Zela
1520 785 1841 880 oppidum
1882 771 2335 854 vocabatur¹⁴.
2378 786 2467 853 Et
2496 809 2535 853 a
2564 787 2779 879 Bizya

634 892 1112 986 quinquaginta
1145 889 1348 960 millia
1381 915 1708 986 passuum
1734 876 2011 986 Apros¹⁵
2042 889 2339 978 colonia,
2372 915 2515 984 quae
2538 915 2576 960 a
2606 891 2781 959 Phi·

636 995 833 1093 lippis
886 997 1075 1066 abest
1111 1011 1378 1065 centum
1417 997 1757 1091 octoginta
1797 1010 1953 1065 octo
1988 995 2147 1064 mill.
2192 1019 2365 1090 pass.
2412 997 2564 1066 At
2543 1022 2613 1065 in
2642 1021 2779 1066 ona

637 1105 852 1173 amnis
895 1100 1222 1231 Erginus¹
1205 1087 1252 1126 ¹⁶

1307 1126 1325 1169 ε
1379 1103 1705 1197 oppidum
1760 1101 1887 1172 fuit
1934 1104 2163 1173 Ganos
2187 1100 2236 1141 ¹⁷
2277 1101 2653 1172 :deseritur
2704 1115 2782 1171 et

641 1193 1125 1304 Lysimachia*
1153 1207 1288 1302 jam
1322 1210 1392 1276 in
1428 1209 1872 1278 Cherroneso.

575 1343 641 1379 ιο
747 1312 970 1384 Alius¹
1017 1337 1303 1416 namque
1342 1315 1432 1383 ibi
1494 1315 1785 1385 Isthmos
1828 1315 2137 1410 angustia
2187 1311 2423 1382 simil?
2482 1329 2615 1400 est,
2648 1338 2779 1384 eo-

727 1525 816 1560 ro.
827 1507 962 1557 Intus
976 1505 1154 1575 Bizye.
1167 1506 1234 1556 In
1255 1506 1431 1560 Astice
1448 1507 1667 1578 regione

643 1585 758 1638 sive
783 1585 1126 1656 praefectura,
1157 1604 1250 1637 arx
1287 1603 1473 1656 regum
1514 1587 1669 1638 Asta·

643 1683 784 1719 rum.
809 1665 1108 1736 Stephanus
1131 1683 1144 1716 ε
1170 1665 1342 1726 Bitu-n,
1371 1667 1509 1726 πόλις
1532 1665 1669 1736 Θρᾳ·

649 1764 736 1806 atne
760 1781 777 1809 ,
803 1745 860 1796 τὸ
889 1749 987 1796 τῶν
1021 1736 1163 1803 Aci-'w
1191 1745 1456 1809 βασίλειον.
1485 1746 1615 1798 Haec
1638 1763 1672 1798 a

647 1824 824 1878 Plinio
867 1823 1084 1876 Solinus
1111 1823 1414 1894 exscripsit,
1443 1842 1563 1895 cap.
1596 1841 1669 1890 κ,

651 1921 772 1976 pag.
811 1904 900 1956 28.
933 1903 1003 1953 Η.
1029 1933 1111 1943 --
1141 1899 1316 1954 Hodie
1351 1903 1533 1972 Vrzia.
1561 1904 1668 1956 En.

737 1982 894 2036 11.A
915 1981 1072 2034 Terei.
1096 1981 1150 2032 A
1175 1981 1330 2034 MSS.
1357 1983 1484 2053 Reg.
1514 2000 1537 2034 1
1559 2020 1576 2049 ,
1605 2004 1634 2037 2
1654 2021 1671 2048 ,

650 2061 806 2116 Colb.
829 2078 852 2112 1
875 2099 892 2126 ,
926 2062 1305 2125 2,voxcr1·mine
1321 2061 1468 2120 abest
1491 2079 1506 2113 :
1528 2061 1673 2115 unde

649 2138 994 2194 scribendum
1021 2139 1257 2192 fortassis
1294 2156 1309 2192 :
1351 2159 1384 2191 a
1414 2140 1555 2193 Terei
1596 2145 1671 2192 in-

649 2233 794 2274 cesto.
814 2220 922 2272 En.
947 2249 1030 2262 —
1057 2219 1196 2270 Nota
1225 2219 1427 2287 fabula,
1467 2219 1539 2272 de
1568 2238 1675 2292 qus

651 2298 1018 2353 consulendus
1041 2297 1268 2350 Ovidius
1285 2335 1302 2363 ,
1323 2297 1420 2353 lib.
1447 2299 1533 2351 VI
1564 2299 1676 2352 Me·

649 2392 774 2432 tsm.
789 2397 840 2432 v·
859 2383 972 2448 647
989 2395 1005 2442 ;
1017 2378 1245 2430 maxime
1258 2395 1386 2429 vero
1400 2377 1645 2450 Hyginus
1656 2417 1676 2444 ,

653 2459 762 2512 fab.
807 2455 876 2520 45
895 2491 912 2521 ,
947 2457 1236 2510 PIu'lomela.
1286 2456 1474 2529 Neque
1522 2457 1675 2510 nullo

649 2535 897 2591 habenda
928 2536 985 2589 in
1011 2537 1188 2608 pretio
1203 2575 1220 2603 ‚
1249 2553 1368 2608 quo
1393 2535 1463 2590 de
1488 2537 1591 2590 hac
1614 2555 1675 2590 re

649 2629 761 2671 tota
777 2617 940 2670 habet
961 2613 1340 2669 Aldrovandus
1355 2655 1371 2682 ‚
1401 2616 1671 2670 Ornithol.

649 2697 746 2750 lib.
776 2697 972 2761 XVII,
999 2713 1116 2765 cap.
1153 2699 1217 2757 6,
1251 2713 1370 2767 pag.
1400 2698 1546 2760 684,
1578 2696 1675 2748 ubi

649 2775 798 2829 hunc
843 2775 1026 2830 locum
1078 2775 1307 2827 aversari
1355 2772 1675 2828 hirundines

650 2867 833 2926 putat,
857 2855 928 2907 ob
941 2873 1056 2908 esm
1073 2853 1252 2922 potius
1263 2871 1500 2920 causam,
1524 2851 1674 2926 quod

651 2936 834 2987 Boreae
849 2933 1013 3004 magis
1031 2931 1296 2986 violentia
1313 2945 1515 3003 pateat,
1526 2936 1675 3005 cujus

649 3014 799 3066 venti
813 3013 998 3066 flatum
1013 3011 1416 3082 perhorrescere
1425 3009 1485 3066 id
1495 3011 1675 3066 avium

653 3111 818 3163 genus
845 3102 1066 3144 constat.
1089 3091 1277 3143 nnn.

742 3188 834 3226 12.
894 3171 1050 3240 Regio
1109 3169 1324 3223 Coem‘ca.
1371 3171 1486 3223 Ubi
1526 3169 1673 3225 Cani

651 3251 840 3305 incolo
883 3249 1158 3321 appellati,
1198 3249 1284 3302 vel
1323 3249 1523 3304 Caenici
1542 3289 1559 3316 ,
1604 3249 1675 3304 de

653 3331 852 3401 quibus
897 3327 1102 3383 dictmn
1171 3341 1250 3381 est
1307 3327 1464 3383 initio
1515 3330 1676 3402 hujus

653 3410 858 3482 capitis.
889 3407 1072 3462 Ham.

741 3508 765 3543 1
779 3491 831 3544 3.
862 3486 1175 3559 Flaviopolis.
1205 3486 1430 3540 Colonia
1459 3505 1676 3560 quoque

653 3565 882 3634 dicitur,
915 3569 1018 3621 loc.
1047 3567 1136 3620 cit.
1164 3567 1232 3619 Et
1261 3567 1318 3620 in
1349 3567 1513 3620 Thes.
1540 3568 1673 3620 Got-

653 3649 772 3712 tzii,
801 3667 918 3720 pag.
948 3665 1079 3717 ²79·
1103 3645 1369 3699 Nummus
1400 3646 1515 3700 Titi
1532 3648 1667 3719 Imp.

652 3726 786 3781 Cor..
815 3729 1190 3780 Fimoroms.
1209 3725 1392 3779 Han.

739 3813 827 3870 14.
868 3803 1099 3857 Vocatur.
1133 3807 1199 3858 In
1237 3818 1345 3858 vet.
1373 3824 1456 3876 sp.
1488 3805 1668 3858 Dslec.

649 3901 762 3937 vox
783 3905 845 3939 es
870 3884 1094 3939 deletur.
1120 3884 1228 3937 En.

739 3984 762 4018 t
775 3966 828 4018 5.
875 3967 1041 4036 Apros
1091 3965 1298 4016 colonia.
1342 3963 1631 4017 Ptolemaeo
1656 4001 1673 4028 ,

647 4041 786 4098 inter
807 4047 966 4098 nrbes
985 4043 1226 4096 Thracioe
1247 4041 1671 4107 mediterraneas,

1754 1491 1919 1578 'An-po<
1937 1506 2165 1560 κολωνία.
2186 1505 2259 1558 Et
2273 1506 2567 1578 Stephano,
2580 1489 2781 1576 λίτρας,

1756 1586 2101 1639 etinNotitis
2118 1585 2321 1640 Eccles.
2334 1604 2457 1656 pag.
2476 1604 2567 1638 21.
2590 1587 2783 1638 Ηυιυ.

1840 1670 1929 1720 16.
1954 1667 2191 1736 Erginus.
2204 1665 2439 1719 malebat
2450 1665 2631 1718 Dalec.
2652 1665 2785 1734 1255-

1756 1765 1865 1799 κω.
1894 1745 1997 1798 Eo.
2022 1773 2105 1788 —
2138 1744 2387 1798 Meminit
2412 1744 2576 1816 hujus
2610 1744 2785 1798 mnis

1758 1825 1938 1889 Mela,
1972 1824 2067 1876 lib.
2090 1825 2179 1885 11.
2212 1842 2331 1894 αφ.
2364 1843 2418 1876 2.
2438 1823 2619 1877 Hm.

1848 1923 1871 1957 1
1882 1923 1937 1974 7.
1952 1903 2006 1955 F
2000 1907 2073 1955 me
2087 1902 2258 1957 Ganos
2268 1943 2285 1968 ,
2302 1901 2543 1956 etc.Vet.
2558 1921 2641 1974 sp.
2660 1902 2781 1955 Dar.

1766 2008 1791 2030 ι
1812 1981 2094 2054 Oppidum
2108 1983 2311 2036 Ganos.
2330 1981 2515 2036 Fuisse
2533 1983 2705 2035 femur
2730 1994 2785 2034 et

1758 2062 2096 2134 Lysimachis
2136 2062 2195 2114 in
2230 2061 2583 2115 Cherroneso.
2602 2085 2629 2108 ι
2674 2061 2783 2114 En.

1760 2173 1841 2186 --
1888 2143 2007 2194 Hoc
2046 2153 2153 2205 est,
2202 2139 2399 2195 defecit
2422 2143 2531 2212 jsm
2558 2141 2781 2194 Ganos:

1760 2219 1941 2274 deficit
1959 2239 2091 2274 vero
2117 2231 2175 2273 et
2198 2220 2567 2292 Lysimachia,
2583 2237 2705 2290 qun
2727 2218 2787 2270 in

1762 2300 2097 2354 Cherroneso
2144 2312 2223 2352 est
2252 2316 2268 2352 ε
2308 2299 2472 2371 hujus
2510 2299 2680 2361 enim,
2724 2309 2785 2350 ut

1760 2377 2005 2432 nondum
2030 2377 2223 2432 diruta
2243 2397 2307 2432 ac
2328 2378 2517 2432 deleta
2540 2377 2785 2432 meminit

1760 2457 1940 2512 Plinio
1985 2458 2247 2512 recentior
2294 2459 2612 2512 Ptolemaeus
2630 2496 2649 2523 ,
2688 2457 2779 2510 lib.

1762 2539 1877 2603 111,
1904 2555 2019 2608 cap.
2052 2555 2075 2589 1
2094 2539 2643 2608 ι,Δυσιμαχῖα.Γᾶνος
2656 2553 2781 2590 vero
2824 2577 2831 2583 .

1762 2613 2024 2680 (sicenim
2041 2616 2407 2672 habentMSS.
2430 2636 2544 2670 non
2568 2611 2783 2678 Gomon)

1760 2695 1967 2767 Scylsci
2002 2709 2329 2750 memoratur
2360 2696 2505 2750 inter
2540 2696 2781 2750 Thr-cin

1760 2774 1959 2847 oppida
1972 2812 1989 2842 ‚
2004 2793 2125 2847 pag·
2148 2794 2177 2827 2
2188 2795 2241 2847 7.
2274 2777 2428 2838 Γάνος
2448 2779 2599 2846 juxta
2610 2777 2784 2830 Bisan-

1761 2855 1892 2908 then
1936 2854 2085 2927 apud
2128 2855 2379 2927 Xenoph.
2410 2857 2509 2908 lib.
2542 2857 2687 2920 vn,
2716 2852 2779 2907 de

1760 2932 1969 3006 Exped.
1992 2934 2151 3006 Cyri,
2178 2953 2298 3006 pag.
2326 2942 2461 2999 411.
2480 2936 2671 2989 nnn.

1849 3032 1873 3067 1
1886 3015 1940 3068 8.
1979 3015 2303 3084 Lysimachia.
2320 3015 2483 3068 Nunc
2492 3015 2782 3076 Hennam,-

1760 3091 1913 3165 quod
1942 3093 2175 3146 Isthmus
2192 3093 2269 3147 ihi
2287 3105 2431 3165 patet
2442 3112 2537 3148 sex
2552 3095 2780 3148 minibus

1760 3191 2028 3244 passuum.
2056 3173 2223 3225 Bnorr.

1848 3271 1898 3306 ι.
1940 3252 2093 3306 Alius
2133 3271 2353 3326 namque.
2380 3252 2525 3306 Hinc
2554 3251 2777 3306 Cheno-

1760 3331 1877 3384 nesi
1900 3329 2314 3402 descriptionem
2338 3331 2679 3402 suspicatur:
2708 3332 2776 3384 sl·

1761 3423 1936 3464 terum
1966 3411 2043 3464 sit
2064 3429 2175 3464 esse
2192 3413 2245 3464 in
2266 3411 2593 3464 Cherronesi
2624 3430 2778 3483 angu-

1754 3491 1871 3543 ‘stiis
1894 3490 2139 3544 Isthmon
2176 3491 2527 3545 Corinthiaco
2560 3491 2777 3544 similem

1761 3581 1817 3622 et
1854 3569 2100 3633 nomine,
2139 3570 2371 3624 Isthmos
2390 3570 2539 3623 enim
2558 3571 2781 3642 appell*

1759 3660 1847 3701 tur
1878 3667 1893 3702 :
1918 3661 1971 3702 et
1999 3648 2284 3703 latitudine
2314 3649 2467 3720 pari,
2498 3649 2776 3704 intervallo

1757 3746 1950 3799 nempe
1976 3728 2215 3800 quinque
2238 3729 2471 3782 millium
2496 3745 2747 3800 passuum
2762 3767 2778 3793 ‚

1758 3819 1819 3860 ut
1856 3807 2057 3860 dictum
2088 3821 2168 3861 est
2196 3827 2315 3880 cap.
2368 3806 2419 3861 5.
2454 3809 2777 3864 Trans-scribit

1759 3887 1877 3940 haec
1928 3887 2145 3940 Solinus
2184 3888 2373 3941 iisdem
2414 3887 2529 3942 fere
2572 3889 2776 3953 verbis,

1762 3983 1879 4038 cap.
1910 3985 1975 4032 x,
1996 3985 2116 4037 pag.
2154 3969 2243 4020 28.
2278 3969 2464 4020 ΗΑιιυ.

1849 4065 1901 4100 2.
1928 4046 2107 4100 Simili.
2136 4045 2320 4100 Chiffl.
2338 4047 2655 4101 ιὺκὶἰυΗΕο
