2950 5017
553 388 706 463 520

1081 390 1563 461 C.PL1NII
1616 390 1845 461 NAT.
1896 388 2157 458 HIST.

551 521 900 615 Apamiam
935 518 1148 605 vadit,
1191 533 1348 589 ante
1387 518 1789 638 appellatam
1820 516 2157 605 Celaenas,
2190 517 2344 588 dein
2368 517 2657 589 Ciboton.

551 628 686 697 Sita
729 640 831 695 est
871 627 939 695 in
980 624 1200 695 radice
1244 627 1490 695 montis
1544 627 1823 720 Signiae,
1864 624 2271 695 circumfusa
2324 610 2660 719 Marsya,

554 732 873 817 Obrima,
912 714 1195 867 Orga⁴¹,

1233 732 1619 801 fluminibus
1665 734 1735 801 in
1794 726 2215 801 Maeandrum
2276 730 2659 801 cadentibus.

555 785 894 974 Marsyas,³
891 824 1042 906 ibi⁴²
1068 836 1402 925 redditur,
1437 853 1660 926 ortus,
1683 862 1763 907 ac
1788 836 1991 933 paulo
2021 862 2179 906 mox
2208 837 2539 921 conditus,
2560 834 2661 903 ubi

553 928 894 1014 certavit⁴³
948 942 1254 1011 tibiarum
1321 959 1528 1014 cantu
1592 969 1747 1014 cum
1805 941 2156 1039 Apolline,
2200 928 2635 1014 Aulocrenis⁴⁴

551 1053 643 1119 ita
679 1064 962 1119 vocatur
1010 1072 1184 1117 conv
1169 1046 1328 1117 allis
1377 1049 1609 1119 decem
1658 1048 1820 1119 mill.
1875 1073 2193 1187 passuum
2232 1050 2321 1118 ab
2365 1048 2625 1144 Apamia
2648 1098 2664 1131 ,

551 1155 908 1250 Phrygiam
948 1155 1343 1293 petentibus.
1368 1159 1471 1224 Ex
1508 1155 1639 1225 hoc
1663 1142 2033 1225 couventu⁴
2037 1140 2321 1225 ⁵deceat
2346 1156 2667 1224 nominare

553 1245 1078 1357 Metropolitas⁴⁵
1097 1314 1118 1350 ,
1161 1261 1709 1359 Dionysopolitas
1722 1249 1773 1301 ⁴⁷
1806 1261 2390 1357 ,Euphorbenos,
2448 1264 2665 1330 Acmo-

551 1476 606 1516 et
631 1462 930 1534 Stephanus
948 1499 965 1526 ,
985 1480 1108 1533 pag.
1143 1480 1237 1529 913
1267 1459 1464 1515 deinde
1490 1468 1580 1515 K·-

553 1540 742 1607 Gorbc,
767 1554 828 1595 ut
849 1541 992 1594 idem
1015 1540 1208 1593 Strabo
1233 1542 1336 1607 ait,
1359 1561 1412 1613 p.
1443 1546 1579 1612 576,

553 1624 658 1675 hoc
696 1634 811 1686 est,
853 1622 988 1675 Arca
1022 1619 1163 1673 dicta
1197 1633 1308 1685 est,
1338 1619 1487 1692 quod
1522 1622 1580 1675 in

557 1719 688 1755 arco
732 1698 958 1753 modum
1005 1718 1036 1752 a
1079 1700 1380 1771 tergemino
1425 1720 1581 1754 amne

555 1781 700 1833 illam
724 1780 996 1834 ambiente
1021 1777 1378 1832 clauderetur.
1402 1782 1583 1833 Κέλαι-

557 1880 670 1926 ναι,
696 1857 844 1931 quod
869 1859 938 1912 ab
962 1876 1029 1911 eo
1055 1856 1262 1929 oppido
1290 1859 1582 1928 Apameam

558 1940 700 1993 cives
743 1937 1054 1993 transducti.
1085 1938 1294 2009 Magna
1335 1938 1583 2008 Phrygiae

561 2032 675 2071 tum
715 2038 748 2071 a
790 2017 1055 2072 Strabone
1098 2029 1434 2083 accensetur,
1477 2018 1581 2071 loc.

558 2098 647 2151 cit.
679 2109 794 2151 tum
835 2117 865 2151 a
899 2098 1122 2151 Ptolem.
1163 2096 1262 2149 lib.
1310 2097 1392 2157 V,
1431 2114 1483 2151 c.
1529 2118 1582 2152 a.

562 2178 745 2231 Han.
772 2206 853 2221 --
879 2176 1381 2248 Aphkmkwaduisor
1422 2175 1584 2230 hodie

562 2254 787 2321 dicitur,
817 2269 1034 2310 auctore
1062 2258 1389 2309 n’Anvrnu.
1411 2256 1517 2309 Eu.

645 2342 732 2399 4ο.
773 2336 1000 2398 Mar-gro.
1035 2334 1280 2405 Μαρσύαν
1331 2348 1382 2388 et
1415 2324 1582 2405 ὀργᾶν

560 2414 750 2467 Strabo
777 2432 994 2487 quoque
1017 2415 1284 2479 nominat,
1319 2414 1412 2468 lib.
1441 2416 1584 2477 ΧΠ,

559 2511 680 2566 pag.
713 2493 845 2567 577,
873 2512 1009 2565 quos
1035 2494 1091 2548 in
1114 2492 1447 2549 Maeandrum
1476 2493 1585 2547 labi

561 2574 653 2627 ait.
695 2572 934 2626 Obrimae
979 2571 1208 2625 fontium
1249 2572 1432 2625 Livius
1471 2591 1585 2625 me-

561 2653 747 2717 minit,
775 2652 872 2706 lib.
899 2652 1221 2717 xxxvm,
1248 2670 1366 2723 cap.
1399 2652 1489 2705 15.
1512 2652 1581 2707 Η.

643 2738 738 2796 41.
766 2732 928 2802 Orga.
950 2730 1134 2786 chiffl.
1167 2731 1325 2784 Orba.
1353 2732 1460 2785 En.

644 2818 737 2876 ⁴²·
783 2811 1013 2883 Marsyas
1051 2812 1136 2863 ibi.
1183 2810 1456 2883 Marsyas,
1490 2810 1582 2863 in-

560 2890 679 2963 quit
695 2927 712 2954 ,
739 2890 818 2942 ibi
849 2889 1074 2962 emergit
1101 2890 1304 2957 amnis,
1331 2892 1425 2962 qui
1462 2904 1587 2962 post

563 2970 728 3041 paulo
769 2987 930 3042 quam
972 2983 1126 3024 ortus
1169 2982 1318 3036 erat,
1365 2988 1474 3023 sese
1526 2970 1583 3021 in

560 3063 755 3103 terram
795 3048 1100 3114 abdiderat,
1133 3048 1190 3102 in
1223 3068 1289 3101 eo
1335 3050 1453 3101 loco
1489 3050 1583 3119 qui

559 3128 866 3183 Aulocrene
893 3126 1068 3183 dictus
1092 3140 1170 3181 est
1184 3166 1202 3193 ,
1231 3132 1376 3183 αὐλοῦ
1405 3128 1552 3199 κρήνη
1564 3167 1582 3194 ,

557 3208 709 3279 quasi
752 3208 954 3261 fontem
997 3207 1246 3263 tibiarum
1264 3247 1281 3274 ,
1309 3208 1394 3261 vel
1439 3208 1584 3261 tibia

557 3285 758 3341 dixeris
790 3304 806 3340 ε
852 3306 884 3340 a
928 3306 1038 3359 quo
1081 3288 1229 3341 fonte
1248 3326 1266 3353 ,
1312 3299 1368 3339 et
1412 3286 1585 3341 monti

558 3364 755 3420 deinde
773 3404 792 3431 ‚
833 3379 890 3420 et
933 3366 1197 3429 convalli,
1270 3378 1324 3420 et
1374 3366 1585 3438 regioni

557 3464 756 3499 nomen
793 3443 938 3501 idem
965 3458 1044 3500 est
1065 3445 1320 3501 inditum.
1350 3446 1430 3501 Ita
1463 3446 1582 3500 Ma-

557 3526 730 3579 ximus
775 3525 1009 3595 Tyrius,
1056 3524 1263 3581 dissert.
1305 3526 1410 3589 38,
1457 3544 1581 3597 pag.

561 3606 694 3661 385.
719 3605 850 3658 Hae
871 3605 1030 3661 Plinii
1059 3606 1246 3671 verba,
1268 3603 1337 3658 de
1363 3604 1579 3677 Marsya

554 3682 790 3737 hominis
812 3686 976 3738 natali
999 3702 1062 3738 ac
1078 3685 1324 3755 sepulcro
1350 3683 1579 3737 ridicule

555 3764 928 3897 {tritten-premii„
949 3777 1047 3896 1{ast
1071 3764 1390 3897 ult-hminum
1413 3804 1432 3827 ,
1477 3764 1575 3817 lib.

656 3880 672 3903 ,
703 3860 822 3913 cap.
891 3862 920 3897 e
999 3862 1031 3896 u
1140 3856 1252 3908 ate,
1318 3862 1400 3913 ag.
1439 3863 1581 3909 aar,

555 3935 608 3973 et
635 3940 787 3986 eum,
815 3935 876 3977 ut
895 3862 1070 3988 ιοίεεῗ
1087 3863 1317 3977 secuta}²
1329 3922 1573 3986 Solinus,

553 4017 668 4071 cap.
699 4020 798 4069 xa,
825 4020 947 4075 pag.
977 4021 1080 4073 70,
1113 4020 1284 4073 quum
1320 4000 1389 4054 de
1421 4019 1580 4056 amne

1667 1463 2071 1533 Apamenorum
2130 1461 2342 1530 Mar-qa
2398 1479 2459 1515 ea
2514 1459 2669 1529 accipi

1666 1554 1951 1611 oportere,
1982 1558 2069 1593 res
2103 1541 2174 1595 sit
2206 1541 2367 1613 plane
2393 1540 2671 1612 perspicua.

1668 1620 1853 1674 Halm.

1751 1700 1845 1765 43.
1880 1698 1977 1751 Ubi
2001 1702 2218 1751 certavit.
2244 1700 2419 1770 Lege,
2444 1698 2525 1751 ubi
2542 1698 2672 1749 Mar·

1666 1799 1779 1849 εγω
1804 1782 2023 1831 certavit.
2048 1780 2153 1832 En.
2173 1810 2254 1822 —-
2272 1780 2511 1851 Marsyas
2533 1776 2675 1831 nimi·

1668 1878 1791 1912 rum
1814 1898 1831 1924 ,
1888 1859 2042 1930 cujus
2094 1877 2123 1911 e
2178 1858 2440 1929 sanguine
2483 1874 2673 1910 amnem

1669 1952 1917 1991 exortum
1996 1937 2189 1990 sabulae
2260 1950 2497 1991 narrant.
2548 1932 2677 1989 Vide

1671 2015 1925 2089 Apollod.
1956 2015 2027 2069 de
2055 2016 2203 2081 Diis,
2232 2016 2327 2069 lib.
2356 2018 2411 2081 1,
2440 2035 2557 2088 pag.
2587 2016 2675 2079 133

1668 2095 1895 2149 Diodor.
1918 2095 2019 2149 Sic.
2043 2096 2182 2149 Bibl.
2208 2096 2305 2149 lib.
2328 2097 2447 2157 111,
2472 2115 2526 2168 p.
2549 2114 2679 2163 1923

1670 2175 1926 2230 Photium
1972 2175 2031 2229 in
2078 2176 2335 2228 Biblioth.
2378 2174 2501 2229 eod.
2556 2193 2679 2243 190,

1670 2274 1728 2327 p.
1759 2258 1868 2325 475
1890 2275 1906 2323 3
1936 2254 2135 2324 Hygia.
2158 2254 2267 2308 fab.
2292 2256 2435 2321 1653
2456 2254 2679 2317 Livium,

1668 2334 1766 2388 lib.
1796 2335 2129 2399 XXXVIII,
2168 2352 2291 2405 pag.
2339 2342 2488 2405 4723
2528 2329 2675 2385 ovid.

1670 2412 1891 2467 Metam.
1919 2414 2014 2466 lib.
2043 2414 2161 2479 vl,
2188 2431 2325 2467 vers.
2352 2412 2485 2481 390·
2510 2414 2681 2467 Eun.

1754 2499 1847 2558 44.
1905 2494 2212 2547 Aulocrem's.
2269 2495 2428 2547 Αὐλοῦ
2480 2494 2679 2563 κρήναις.

1670 2573 1886 2626 Solinus
1936 2585 1991 2625 et
2038 2572 2369 2637 Martianus,
2407 2573 2677 2626 Automne.

1670 2653 1957 2713 Salmasius
1978 2652 2207 2717 frustra,
2228 2664 2421 2705 contra
2438 2663 2518 2705 tot
2536 2664 2681 2705 testes

1668 2750 1837 2795 unus,
1860 2732 2141 2799 αὐλοορινῆς
2156 2770 2172 2793 ,
2206 2731 2263 2785 in
2283 2730 2457 2784 Solin.
2476 2752 2531 2804 p.
2558 2732 2683 2794 834.

1668 2811 1876 2864 Plinius
1909 2812 2057 2883 ipse,
2094 2812 2191 2864 lih.
2223 2812 2397 2876 XVI,
2436 2830 2552 2883 cap.
2582 2813 2683 2879 89,

1668 2890 1946 2961 regionem
1970 2890 2311 2945 Aulocrenen
2333 2904 2507 2945 vocat.
2534 2891 2599 2943 Η.

1753 2970 1847 3033 45.
1894 2970 1983 3021 Ex
2032 2970 2123 3021 boc
2180 2982 2431 3023 conventu.
2486 2969 2681 3023 Scilicet

1668 3050 1965 3119 Apamena.
1994 3047 2177 3101 ΒΑΜ).

1754 3132 1849 3193 46.
1866 3127 2221 3198 Metropolitas.
2244 3130 2560 3198 Μιτρόπολις
2574 3136 2681 3197 Opu-

1668 3206 1784 3277 γίοις
1804 3248 1821 3271 ,
1851 3208 1955 3261 ἀπὸ
1992 3212 2083 3265 τῆς
2119 3208 2299 3278 μητρὸς
2328 3216 2427 3263 τῶν
2460 3215 2592 3263 Θιῦν
2620 3208 2681 3259 οἱ·

1671 3289 1913 3351 κισθιῖσα,
1932 3286 2109 3358 inquit
2122 3285 2451 3357 Stephanus,
2474 3307 2505 3341 a
2526 3288 2681 3339 Deum

1670 3365 1843 3419 Matre
1868 3384 2063 3419 nomen
2098 3366 2300 3436 accepit
2317 3402 2336 3425 ,
2369 3384 2491 3438 qun
2514 3364 2683 3419 sedem

1669 3445 1747 3499 ibi
1774 3445 1981 3500 habuit.
2008 3446 2154 3499 Urbs
2180 3458 2257 3499 est
2284 3445 2497 3516 Magno
2526 3446 2681 3515 Phry-

1671 3525 1807 3596 gia,
1843 3525 2168 3589 Ptolemae,
2206 3524 2307 3577 lib.
2344 3526 2431 3589 V,
2472 3537 2589 3596 eap-
2634 3545 2679 3576 s.

1666 3603 1918 3675 Phrygia
1948 3604 2237 3669 Salutaris,
2262 3604 2319 3656 in
2348 3604 2547 3658 Notitia
2578 3602 2681 3673 epi-

1664 3702 1811 3754 scop.
1834 3686 1899 3735 In
1926 3684 2194 3749 nummis,
2221 3687 2681 3739 Mn'n‘ouom·

1671 3766 1831 3817 ΤΩΝ.
1866 3762 2053 3817 Han.

1752 3849 1847 3914 47.
1868 3842 2289 3914 Dionysopolitas.
2309 3843 2395 3895 Ab
2417 3843 2549 3897 urbe
2570 3840 2683 3893 Dio·

1670 3921 1924 3995 nysopoli
1945 3921 2225 3993 Phrygiae,
2250 3940 2413 3994 quam
2432 3922 2685 3975 Eumenes

1670 4015 1725 4057 et
1755 4001 1963 4056 Attalus
2002 3999 2315 4056 condidere.
2348 4002 2549 4055 Auctor
2576 3999 2686 4053 Ste-
