2950 5017
1071 472 1394 546 LIBER
1456 474 1543 545 V.
2214 474 2357 563 541

229 605 578 703 Bryamms
588 590 665 695 ³⁶,
686 606 1102 695 Alabastros,
1129 608 1370 678 Hieros
1381 592 1434 647 ³⁷
1471 630 1555 677 ex
1582 604 1723 675 Ida.
1754 607 1947 675 Intus
1978 622 2173 677 mons
2207 611 2371 678 Gar·

229 737 379 807 gara
391 700 446 738 ³⁸
473 767 498 800 ‚
553 712 920 807 eodemque
978 715 1250 785 nomine
1309 712 1653 809 oppidum.
1710 714 1969 783 Rursus
2018 713 2087 781 in
2146 712 2371 783 littore

227 820 612 889 Antandros
631 804 722 905 ³⁹,
758 819 1011 890 Edonis
1053 821 1238 915 prius
1266 834 1539 905 vocata,
1582 817 1821 888 deinde
1856 820 2210 889 Cimmeris
2239 848 2257 890 ε
2300 834 2370 889 et

225 927 416 995 Assos
433 913 530 1013 ⁴⁰,
563 925 808 996 eadem·
830 924 1200 1021 Apollonia.
1240 927 1394 995 Fuit
1431 939 1501 994 et
1534 922 1983 994 Palamedium
2018 925 2366 1020 oppidum.

224 1032 764 1101 Promontorium
803 1034 1061 1102 Lecton
1077 1018 1127 1063 ⁴¹
1165 1031 1631 1101 disterminans
1674 1028 1935 1100 AEolida
1972 1045 2041 1100 et
2078 1031 2367 1101 Troada.

225 1138 370 1207 Fuit
441 1152 522 1209 et
594 1137 975 1233 Polymedia
1007 1124 1059 1169 ⁴²
1137 1139 1402 1223 civitem,
1476 1151 1545 1205 et
1622 1136 1885 1231 Chrysa
1908 1122 1992 1225 ⁴³,
2080 1150 2149 1205 et
2225 1140 2367 1207 La·-

223 1244 378 1313 rissa
455 1242 597 1313 alia
614 1230 684 1312 ⁴⁴.
746 1242 1166 1313 Smintheum
1187 1229 1238 1276 ⁴⁵
1295 1241 1619 1339 templum
1686 1242 1902 1312 durat.
1962 1244 2156 1312 Intus
2230 1246 2365 1314 Co·

220 1411 300 1465 nis
321 1410 568 1465 Pedasiis
592 1412 705 1465 hoc
733 1410 1038 1466 Herodotus
1064 1413 1254 1481 refert,

219 1489 310 1544 sed
336 1491 404 1545 de
427 1489 820 1545 Pedasensibus
842 1492 937 1563 qui
959 1512 1121 1564 supra
1143 1492 1254 1545 Ha-

221 1570 566 1625 licarnassum
593 1570 866 1637 incolunt,
897 1572 942 1623 ol
975 1567 1038 1625 6⁴1
1067 1567 1252 1628 Πηδά-

223 1653 326 1711 σίις
386 1652 606 1704 οἰκέουσι
662 1651 781 1721 ὑπὲρ
841 1644 1212 1721 Ᾰλικαρνάσσου
1233 1690 1252 1718 ,

223 1748 452 1800 quorum
503 1727 770 1801 oppidum
823 1729 1103 1783 Pedasium
1125 1770 1142 1797 ,
1181 1730 1251 1784 de

223 1827 326 1877 quo
345 1808 560 1863 dictum
583 1821 663 1862 est
681 1828 729 1862 c.
764 1828 856 1879 ²9·
879 1808 1023 1863 vide
1045 1810 1247 1863 Herod.

223 1888 384 1943 Uran.
409 1890 520 1944 lib.
541 1888 697 1943 vm.
723 1888 908 1943 Ham).

299 1968 394 2022 36.
407 1970 691 2036 Erycum,
707 1968 817 2021 Alii
829 1966 987 2023 codd.
1004 1968 1249 2034 Gry-anos,

221 2058 377 2119 atque
415 2049 494 2101 ita
533 2048 662 2119 Reg.
709 2064 770 2113 1,
804 2067 868 2117 ο,
900 2048 1055 2102 Colb.
1089 2067 1141 2115 1,
1177 2068 1246 2114 a,

221 2127 402 2181 Chiffl.
431 2127 602 2180 Paris.
631 2128 813 2180 Hann.

299 2207 394 2279 37.
433 2208 636 2261 Hiems.
669 2206 750 2260 Ex
776 2204 874 2260 Ida
909 2205 956 2259 is
987 2206 1210 2277 profluit
1229 2225 1246 2260 ε

220 2287 526 2357 superiores
571 2304 681 2339 non
742 2284 892 2339 item.
939 2283 1028 2339 Sic
1077 2284 1246 2341 Hard.

219 2364 367 2419 Lioet
392 2378 575 2419 antem
606 2365 788 2437 ignota
811 2365 919 2419 sint
943 2363 1105 2418 hodie
1131 2366 1249 2419 haec

219 2443 470 2511 flumina,
488 2464 558 2498 ex
578 2444 672 2499 Ida
691 2458 868 2497 tamen
887 2456 977 2497 aut
995 2443 1248 2498 connexis

219 2542 342 2577 cum
369 2544 440 2579 eo
471 2525 748 2578 montibus
774 2542 958 2577 omnes
985 2523 1134 2577 istius
1160 2542 1248 2576 re-

220 2605 394 2675 gionis
427 2622 589 2675 aquas
617 2602 852 2657 defluere
881 2614 1104 2671 constat.
1139 2604 1244 2656 En.

299 2683 396 2739 38.
427 2684 680 2754 Gargara.
700 2684 998 2736 Multorum
1016 2682 1252 2736 testimo·

219 2762 312 2815 nio
333 2765 656 2835 comprobat
671 2761 980 2816 Macrobius
993 2801 1010 2826 ,
1033 2764 1245 2815 Saturn.

214 2840 313 2895 lib.
343 2844 420 2907 V,
447 2860 566 2915 cap.
601 2861 708 2909 ao,
735 2860 853 2914 pag.
885 2841 958 2895 56
975 2882 992 2909 ,
1012 2842 1249 2912 Gargara

217 2922 482 2993 appellari
499 2960 517 2987 ,
569 2922 768 2976 montis
822 2920 934 2975 1dn
989 2921 1248 2975 verticem

218 3018 390 3055 unum
406 3039 425 3067 ,
476 3014 528 3055 et
584 3000 848 3073 oppidum
901 2992 1000 3054 sul>
1056 2998 1248 3054 eodem

219 3094 406 3135 monte
449 3082 704 3151 positum.
751 3080 1045 3153 Hesychius
1059 3119 1078 3144 ,
1121 3098 1244 3151 pag.

227 3176 334 3213 210
373 3178 390 3213 t
439 3164 686 3233 Γάργαρον
705 3192 723 3223 ,
771 3158 1066 3231 ἀκρωτήριον
1113 3161 1246 3230 ὄρους

217 3232 337 3301 ihc
349 3278 366 3305 2
383 3240 477 3293 καὶ
493 3244 628 3303 πτολις
643 3243 822 3311 Τροίας
837 3241 1042 3295 πλησίον
1059 3231 1250 3293 Ᾰντᾶν-

219 3313 354 3388 δραι.
379 3317 490 3372 Adi
512 3333 566 3373 et
591 3320 840 3373 Strabon.
869 3319 961 3372 lib.
995 3318 1160 3385 XIII,
1185 3336 1244 3389 p.

221 3399 334 3453 ⁵83
355 3432 374 3465 ‚
401 3400 502 3470 qui
518 3401 756 3470 Γάργαρα
782 3396 842 3451 id
866 3396 1126 3469 oppidum
1148 3417 1246 3451 vo·

217 3490 304 3531 cat
319 3497 335 3530 ε
355 3491 416 3530 et
439 3477 804 3551 Stephanum:
829 3480 1064 3549 Γάργαρα
1078 3479 1245 3544 nolte,

217 3559 302 3611 καὶ
327 3556 566 3628 Γάργαρα
589 3559 738 3630 ἄκρα..
765 3559 950 3611 Hsnn.

299 3636 398 3705 39.
445 3638 743 3691 Απεαηᾶιω.
775 3636 1076 3707 Stephanus
1103 3657 1116 3687 ε
1146 3620 1246 3691 'Av-

216 3711 434 3787 τανδρος
487 3718 618 3779 πόλις
658 3719 756 3770 ὑπὸ
789 3718 880 3774 τὴν
925 3705 1042 3771 Hm
1061 3748 1080 3776 ‚
1125 3716 1246 3786 πρὸς

215 3802 282 3864 τῇ
311 3796 498 3863 Mucia
525 3804 611 3858 τῆς
642 3793 926 3857 Αἰολίδος...
956 3787 1247 3865 Lem-ornae

215 3876 336 3943 puel
385 3874 572 3933 *ra-firm
625 3877 906 3947 ὠνομάσθαι
963 3866 1205 3929 mimi&
1226 3911 1245 3941 ,

215 3956 510 4025 Κιμμερίων
553 3957 858 4009 ἐνοικούντων
912 3956 1084 4008 fixas-lm
1133 3956 1240 4011 lm.

223 4058 250 4079 α
271 4028 578 4088 Antandros
605 4036 735 4088 urbs
771 4034 870 4087 sub
903 4032 968 4087 Id
1013 4072 1030 4101 ,
1065 4052 1243 4107 prope

213 4112 456 4185 Nysiam
501 4113 772 4171 AEolidis...
818 4052 1125 4169 Aristaeles
1165 4114 1244 4168 ait

1335 1414 1475 1467 hanc
1486 1410 1665 1467 vocari
1678 1409 2019 1465 Hedonidem
2030 1449 2049 1477 ‚
2062 1411 2373 1469 Cimmerii·

1337 1510 1454 1545 eam
1500 1510 1595 1563 per
1636 1510 1806 1545 annos
1838 1504 2052 1545 centum
2081 1490 2365 1548 incolenti-

1337 1572 1452 1625 bus.
1475 1597 1500 1620 ι
1532 1571 1717 1625 Ham).

1421 1656 1511 1714 40.
1543 1651 1715 1704 Assos.
1749 1649 1913 1703 Nunc
1944 1668 2160 1722 quoque
2196 1652 2365 1717 Asso,

1334 1720 1501 1783 Ᾰσσον
1540 1730 1767 1783 Ptolem.
1804 1729 1899 1783 lib.
1937 1730 2019 1797 V,
2050 1748 2166 1801 cap.
2204 1750 2255 1784 ο.
2296 1733 2365 1785 In·

1333 1809 1539 1863 Notitia
1575 1808 1977 1881 episcopatuum
2009 1828 2161 1881 prov.
2188 1810 2361 1876 Asia,
2426 1836 2433 1843 ·

1331 1878 1518 1950 Ᾰσσος.
1545 1888 1730 1943 Haun-

1416 1973 1510 2032 41.
1533 1968 1733 2022 Lecton.
1762 1968 1947 2021 Λικτὸν
1982 1972 2073 2031 τῆς
2098 1964 2367 2040 Τρωάδος,-

1331 2046 1626 2101 Plutarcho
1671 2048 1728 2100 in
1772 2046 2033 2111 Lucullo,
2066 2066 2187 2119 pag.
2231 2048 2361 2117 493.

1330 2128 1518 2181 Λεκτὸν
1550 2128 1693 2197 ἄκρον
1722 2127 1951 2181 Ptolem.
1970 2127 2119 2196 juxta
2152 2127 2359 2183 Assum.

1331 2207 1494 2261 Nunc
1520 2206 1657 2259 Cabo
1679 2204 1823 2259 Buba
1842 2240 1859 2268 ‚
1886 2205 1972 2259 vel
1994 2204 2050 2260 S.
2068 2206 2255 2261 Maria.
2282 2208 2357 2261 Η·

1417 2290 1508 2348 4ο.
1528 2286 1831 2359 Polymedia.
1848 2281 2159 2357 Πολυμὴδιον
2178 2305 2365 2358 pagus,

1331 2364 1615 2427 Straboni,
1654 2366 1749 2418 lib.
1776 2365 1947 2429 XIII,
1970 2384 2093 2436 pag.
2126 2368 2254 2420 606.
2288 2366 2358 2419 H.

1414 2444 1511 2509 43.
1542 2444 1750 2507 Chrysa.
1779 2443 1958 2497 Dalec.
1987 2443 2183 2509 Ου’-σω.
2212 2444 2317 2499 En.

1412 2530 1507 2588 44.
1552 2524 1751 2577 Larissa
1790 2524 1911 2577 alia.
1949 2523 2069 2577 Alia
2110 2524 2315 2597 Chrysa
2332 2562 2351 2590 ‚

1335 2602 1543 2675 inquit,
1575 2604 1679 2657 alia
1716 2615 1770 2656 et
1800 2603 2035 2667 Larissa,
2076 2604 2145 2656 ab
2186 2604 2252 2657 iis
2290 2602 2361 2658 de

1331 2683 1525 2752 quibus
1553 2682 1709 2736 initio
1747 2683 1910 2753 hujus
1952 2700 2069 2753 cap.
2110 2682 2361 2737 diximus.

1331 2760 1486 2815 Hanc
1522 2762 1783 2815 Larissam
1819 2760 2039 2828 Strabo,
2066 2761 2165 2815 lib.
2192 2762 2360 2830 xm,

1332 2858 1448 2913 pag.
1482 2842 1617 2906 604,
1644 2858 1817 2913 prope
1837 2843 2031 2911 Χρύσην
2060 2859 2282 2908 novam,
2308 2854 2365 2896 et

1333 2920 1564 2981 Κολωνὰς
1606 2921 1761 2974 locat.
1803 2918 2005 2973 Eadem
2048 2922 2277 2991 Δοίρισσα
2322 2922 2357 2979 ἡ

1333 3004 1446 3053 καθ’
1469 2989 1718 3072 Ᾰμοιξιτὸν
1742 3017 1757 3053 :
1782 2999 1871 3052 illa
1898 3001 2050 3069 prior
2073 3001 2304 3072 Δάρισσα
2322 3002 2357 3058 ἦ

1333 3080 1445 3151 περὶ
1486 3082 1691 3151 Κύμην,
1723 3098 1755 3132 a
1785 3078 1975 3132 vicinis
2016 3079 2229 3151 oppidis
2266 3098 2363 3153 ap-

1331 3159 1629 3230 pellantur,
1667 3170 1799 3213 teste
1841 3156 2033 3212 eodem
2065 3159 2323 3213 Strabone
2342 3198 2363 3225 ,

1329 3256 1390 3309 p.
1413 3244 1542 3293 620.
1572 3238 1803 3305 Δαρῖσσοι
1829 3233 2064 3308 Τρωάδος
2087 3240 2363 3311 Stephano

1331 3316 1530 3371 dicitur
1548 3316 1666 3371 haec
1686 3336 1846 3390 quam
1866 3314 2031 3369 modo
2050 3330 2359 3373 tractamus.

1331 3398 1523 3468 Τρωῖκὴ
1555 3398 1786 3468 Δάρωσα.
1800 3435 1819 3464 ,
1844 3396 2098 3451 Athen-'no
2116 3436 2132 3465 ,
2156 3398 2252 3453 lib.
2274 3398 2363 3463 11,

1329 3495 1455 3549 pag.
1490 3485 1578 3547 ⁴7·
1602 3478 1786 3530 Hann.

1415 3556 1511 3622 45.
1556 3554 1867 3609 Smintheum.
1903 3554 2149 3627 Apollini
2183 3553 2362 3607 Smin·

1331 3635 1460 3689 theo
1500 3652 1709 3689 sacrum
1726 3674 1743 3701 ,
1786 3635 1873 3688 cui
1912 3652 2112 3688 nomen
2158 3634 2360 3687 factum

1331 3716 1483 3769 aiunt
1506 3734 1533 3769 a
1568 3715 1760 3786 fugatis
1790 3717 1903 3786 ejus
1938 3714 2045 3767 loci
2072 3715 2355 3767 muribus:

1333 3808 1457 3849 sunt
1469 3795 1613 3848 enim
1624 3794 1822 3865 σμίνθαι
1834 3812 2011 3847 mures
2026 3794 2361 3845 Cretensium

1332 3875 1538 3946 lingua.
1582 3872 1722 3927 Vide
1766 3872 2006 3927 Eustath.
2041 3872 2097 3925 in
2136 3872 2359 3926 Homer.

1329 3952 1485 4007 Iliad.
1539 3953 1584 4006 1.
1638 3953 1877 4025 Scylaci,
1912 3970 2035 4023 pag.
2088 3949 2188 4017 34,
2228 3943 2359 4021 ἱερὸν

1329 4026 1620 4094 Λπόλλωνος
1635 4072 1653 4098 ,
1695 4034 1777 4086 ἵνα
1822 4032 2018 4102 Χρύσης
2059 4032 2243 4102 ἱερᾶτο.
2293 4032 2364 4083 In

1327 4132 1552 4167 nummo
1562 4124 1743 4167 vetere
1764 4110 2007 4177 Troadis,
2026 4106 2367 4165 Alexandria
