2950 5017
568 473 712 546 790
961 497 976 506 -
1423 459 1558 530 DE
1616 459 1843 528 SITU

557 571 714 624 nobis
729 606 748 636 ‚
773 571 910 628 nihil
935 583 1067 629 tunc
1101 585 1246 628 certe
1281 573 1352 632 de
1377 575 1635 630 Paradiso
1666 577 1904 632 terr-esui
1939 577 2299 650 cogitantibus
2315 614 2335 643 ,
2366 597 2541 651 quum
2564 581 2705 635 hune

553 658 718 714 Plinii
739 659 918 715 locum
946 663 1126 736 primo
1149 662 1426 722 edeoemus
1443 706 1461 734 ,
1484 666 1783 739 majuscula
1806 666 1985 738 priore
2008 666 2185 722 littera
2212 666 2477 741 scriptum
2508 681 2587 722 est
2614 689 2709 723 no·-

551 764 678 802 men
701 748 836 803 illud
851 790 867 815 ,
887 751 1098 804 Salsum.

623 836 872 892 Phisonis
907 857 1108 894 nomen
1144 841 1460 895 occidentali
1496 841 1652 896 alveo
1688 839 1865 912 'I'igris
1898 841 2073 895 amnis
2094 879 2114 908 ,
2148 841 2394 896 Gehmis
2424 843 2675 898 mientali
2692 881 2711 907 ,

548 924 740 980 tribuit
763 943 890 981 cnm
914 927 1028 980 aliis
1051 929 1356 997 nonnullis,
1377 947 1442 982 ex
1467 947 1615 982 mera
1640 927 2053 1002 conjectatione,
2076 929 2405 991 Kircherns,
2428 931 2490 984 in
2516 930 2713 986 deseri·

547 1017 736 1086 ptione
757 1015 920 1068 turris
941 1015 1108 1069 Babel
1121 1053 1137 1080 ,
1159 1034 1278 1088 pag.
1307 1015 1390 1070 13.
1411 1015 1515 1070 Sed
1544 1034 1665 1071 eam
1690 1016 1997 1089 opinionem
2014 1016 2333 1090 jamdudum
2352 1019 2713 1072 Bellarminns

548 1101 780 1170 refellit,
803 1103 944 1159 libro
966 1101 1036 1158 de
1061 1103 1248 1158 Gratia
1274 1104 1435 1176 pri-mi
1459 1105 1728 1169 hominis,
1758 1123 1876 1178 cap.
1908 1123 1971 1158 η
1988 1143 2005 1170 ,
2034 1118 2091 1162 et
2118 1105 2372 1160 Nicolaus
2400 1107 2710 1171 Abu-amus,

545 1189 692 1245 libro
715 1189 785 1244 de
807 1189 984 1246 fluviis
1000 1201 1054 1245 et
1071 1191 1192 1247 loco
1213 1191 1454 1247 Paradisi
1471 1231 1489 1258 ,
1509 1210 1635 1266 pag.
1661 1198 1731 1259 44
1748 1231 1766 1259 ,
1790 1193 1885 1247 uhi
1908 1193 2047 1248 hanc
2070 1196 2271 1248 ιἠαηοιιι
2293 1195 2569 1264 ecfisu‘laen
2592 1214 2711 1250 sen·

544 1278 768 1334 tentiam
790 1290 966 1334 vocat.

615 1367 894 1423 Gehonem
909 1387 1041 1425 vero
1057 1367 1236 1424 Nilum
1255 1387 1369 1424 esse
1387 1387 1573 1434 nemo,
1594 1369 1815 1442 opinor,
1838 1370 1893 1424 in
1910 1370 2083 1426 Sacris
2100 1369 2279 1424 Libris
2294 1371 2525 1442 paulum
2542 1370 2709 1425 modo

541 1467 784 1512 versatus
808 1455 1177 1528 suspicabitur.
1197 1453 1380 1512 Nilum
1403 1459 1545 1512 enim
1564 1469 1657 1512 aut
1673 1457 1781 1512 Nili
1804 1458 2019 1513 alveum
2038 1458 2242 1531 potius,
2257 1457 2465 1512 flumen
2487 1459 2708 1533 AEgypti

539 1543 618 1598 ibi
642 1545 974 1617 appellatum
999 1543 1193 1610 video,
1229 1546 1357 1600 Isai.
1396 1565 1515 1610 vn,
1548 1547 1614 1600 18
1632 1585 1649 1610 ‚
1678 1559 1733 1600 et
1766 1547 1938 1600 alibi:
1975 1545 2177 1601 flumen
2217 1546 2539 1620 AEtbiopin,
2578 1566 2707 1601 nns—

540 1651 721 1704 quam.
748 1632 1055 1698 Quinetiam
1088 1632 1253 1687 Mosis
1280 1643 1431 1687 atate
1459 1652 1574 1686 non
1602 1633 1703 1688 fuit
1728 1634 1883 1690 Nilus
1908 1633 2151 1690 Heln-nis
2184 1636 2437 1706 cognitus
2454 1673 2474 1698 ,
2504 1634 2613 1688 nisi
2638 1652 2709 1688 ex

538 1729 696 1790 parte
719 1719 909 1791 exigua
931 1735 948 1772 ε
975 1719 1188 1774 alveum
1221 1719 1478 1772 nimirum
1506 1739 1677 1773 unum
1700 1719 1961 1776 duntaxat
1986 1719 2067 1774 illi
2100 1739 2337 1783 noveru
2360 1723 2481 1777 sive
2506 1722 2703 1776 ostium

538 1807 842 1860 Taniticnm
881 1806 1224 1879 appellatum.
1247 1808 1520 1873 Quoniam
1550 1821 1681 1862 tunc
1706 1822 1761 1862 et
1781 1809 1948 1862 Tanis
1971 1808 2118 1882 regia
2147 1808 2476 1872 Pharaonis,
2507 1821 2565 1863 et
2598 1809 2707 1862 Ta·

535 1895 764 1958 niticum
786 1893 900 1950 Nili
921 1895 1146 1959 ostium,
1179 1894 1422 1950 nondum
1459 1895 1731 1951 Pelusiaco
1766 1897 1851 1951 vel
1874 1909 2059 1950 exorto
2076 1933 2095 1961 ,
2128 1896 2217 1951 vel
2242 1897 2385 1950 facto
2402 1935 2421 1960 ,
2450 1897 2705 1951 ultimum

535 2001 722 2041 versus
743 1982 1000 2040 orientem
1020 1981 1161 2035 fuit:
1187 1983 1266 2035 uti
1290 2001 1353 2036 ex
1383 1983 1600 2036 Psalmo
1615 2021 1633 2049 ,
1659 2001 1879 2048 nxxvn,
1910 2003 2004 2050 ιι,
2034 1989 2099 2049 43
2115 2024 2134 2050 ,
2158 1983 2310 2040 haud
2332 1985 2569 2038 obscure
2594 1985 2704 2040 col-

535 2071 760 2144 ligitur:
787 2069 1223 2143 quandoquidem
1247 2081 1452 2142 patrata
1473 2090 1505 2124 a
1524 2071 1673 2125 Mose
1691 2071 1936 2144 prodigia
1952 2110 1969 2136 ,
1988 2070 2134 2126 edita
2162 2072 2325 2126 fuisse
2346 2074 2707 2144 perhibentur

536 2163 592 2212 ιἰι
619 2179 796 2228 campo
833 2165 1027 2211 Taneos
1047 2179 1068 2210 .·
1091 2169 1146 2212 et
1169 2177 1237 2212 ex
1259 2158 1386 2218 lsai,
1413 2177 1551 2222 ιιι,
1583 2177 1641 2214 11
1657 2198 1674 2223 ,
1709 2160 1773 2214 13
1787 2198 1806 2223 ,
1834 2161 1932 2214 uhi
1958 2187 1985 2207 ι
2000 2160 2273 2232 principes
2296 2162 2514 2216 Taneos
2532 2199 2551 2226 ‚
2576 2181 2705 2216 oon·

535 2248 722 2304 siliarii
763 2247 1054 2304 Pharaonis
1077 2269 1102 2295 ι
1153 2259 1434 2301 vocantur.
1475 2248 1664 2321 Neque
1692 2248 1871 2322 ipsum
1908 2249 2135 2321 proinde
2178 2250 2398 2322 AEgypti
2438 2269 2668 2324 regnum
2682 2292 2702 2318 ,

535 2337 676 2391 ultra
707 2337 954 2408 regiones
969 2375 988 2398 ‚
1030 2353 1150 2406 qnoe
1189 2335 1449 2389 orientale
1488 2335 1627 2400 Nili,
1662 2355 1757 2390 seu
1782 2335 2021 2394 Tanitici
2047 2336 2171 2390 ostii
2210 2337 2361 2390 littus
2397 2349 2705 2410 spectarent

535 2444 710 2499 usque
745 2423 814 2478 ad
848 2443 998 2478 mare
1023 2425 1263 2483 Rubrum
1285 2463 1302 2490 ‚
1341 2436 1397 2478 et
1421 2423 1600 2483 locum
1632 2425 1726 2480 ubi
1762 2443 1821 2478 se
1844 2423 1999 2484 Nilus
2026 2424 2184 2482 findit
2207 2425 2267 2478 in
2292 2426 2455 2480 Delta
2471 2464 2491 2489 ,
2516 2427 2704 2480 saltem
2772 2493 2779 2500 ⁹

533 2513 638 2572 sub
660 2514 812 2568 Mose
830 2550 847 2578 ,
869 2512 1143 2586 pertinuit.
1167 2513 1304 2570 Nam
1327 2510 1386 2566 id
1411 2511 1569 2566 nobis
1594 2512 1821 2584 quidem
1841 2513 2174 2585 apertissime
2196 2525 2445 2567 constare
2467 2513 2704 2577 videtur,

537 2621 602 2655 ex
630 2620 696 2655 eo
723 2599 870 2674 quod
905 2612 1130 2654 narrant
1177 2598 1351 2654 Sacra
1389 2600 1636 2665 Littera,
1676 2600 1847 2654 Exod.
1885 2621 1922 2654 x
1939 2640 1958 2667 ,
2005 2602 2069 2655 18
2094 2641 2110 2667 ,
2152 2619 2219 2673 19
2243 2619 2259 2655 ε
2298 2627 2323 2647 α
2342 2601 2705 2673 Egressusque

537 2692 754 2764 Moyses
774 2690 846 2746 de
869 2702 1162 2762 conspectu
1178 2673 1503 2756 Pliaraonis,
1524 2689 1698 2743 oravit
1721 2689 2034 2743 Dominum.
2054 2690 2163 2760 Qui
2180 2688 2307 2745 flare
2339 2689 2467 2743 fecit
2483 2703 2703 2744 ventum

535 2780 606 2831 ab
631 2777 912 2832 occidente
951 2777 1474 2838 vehementissimum
1492 2813 1509 2841 ,
1538 2789 1594 2831 et
1628 2789 1895 2848 arreptam
1922 2778 2180 2831 locustam
2206 2778 2439 2852 projecit
2466 2778 2527 2835 in
2558 2796 2705 2832 mare

536 2867 816 2944 Rubrum3
837 2884 947 2920 non
969 2866 1222 2920 remansit
1247 2884 1317 2919 ne
1346 2884 1452 2919 una
1477 2865 1697 2937 quidem
1722 2865 1779 2918 in
1803 2867 2014 2921 cunctis
2038 2865 2233 2922 finibus
2252 2867 2498 2940 AEgypti.
2514 2894 2543 2912 ·
2568 2867 2701 2921 Na-

535 2975 604 3008 ex
638 2955 738 3010 ista
775 2954 1082 3014 narratione
1117 2953 1450 3027 colligimus,
1488 2965 1711 3014 cunctos
1746 2953 1879 3006 fines
1922 2953 2143 3028 AEgypti
2180 2953 2321 3006 inter
2360 2954 2561 3007 ostium
2597 2953 2703 3008 Nili

537 3042 772 3101 maxime
789 3041 1053 3096 orientale
1081 3053 1135 3095 et
1157 3060 1306 3095 mare
1326 3042 1571 3094 Rubrum
1598 3041 1763 3096 fuisse
1784 3042 2239 3114 circumscriptos,
2262 3052 2314 3094 et
2336 3040 2558 3094 eosdem
2586 3040 2705 3094 satis

535 3141 823 3203 angustos:
853 3128 1092 3202 alioquin
1115 3147 1146 3182 e
1171 3127 1372 3183 finibus
1391 3128 1637 3207 AEgypti,
1660 3128 1702 3182 si
1724 3127 1907 3195 Delta,
1934 3141 1991 3182 et
2012 3128 2163 3201 quod
2189 3129 2359 3202 magis
2378 3127 2705 3183 occidentale

538 3230 649 3282 est,
673 3229 736 3270 ut
767 3217 1088 3271 Alexandria
1108 3254 1125 3282 ,
1160 3214 1230 3270 ad
1265 3219 1559 3290 AEgyptum
1610 3216 1985 3288 pertinuisset,
2020 3234 2132 3270 non
2170 3235 2361 3270 omnes
2398 3218 2620 3271 locuste
2649 3217 2701 3269 in

537 3327 688 3366 mare
713 3306 983 3373 Rubrum,
1006 3305 1100 3366 sed
1130 3305 1190 3359 in
1217 3305 1328 3379 ipsa
1349 3317 1553 3379 septem
1578 3305 1715 3366 ostia
1740 3303 1847 3358 Nili
1872 3308 2125 3379 conjecto
2150 3306 2205 3361 vi
2227 3305 2372 3359 venti
2394 3305 2621 3360 fuissent
2644 3325 2703 3360 ex

542 3407 696 3470 parte
723 3393 977 3450 maxima.

613 3481 823 3538 Deinde
856 3480 1109 3554 quoniam
1142 3481 1336 3536 unicus
1359 3481 1451 3534 ille
1478 3481 1587 3535 Nili
1613 3481 1797 3536 alveus
1820 3493 1958 3535 esset
1994 3494 2125 3534 tunc
2151 3491 2315 3534 notus
2344 3479 2589 3534 Hebraeis
2604 3521 2623 3547 ,
2654 3491 2705 3533 et

539 3571 686 3632 idem
725 3570 882 3625 limes
923 3569 1256 3644 Egyptiacss
1291 3571 1396 3624 sub
1436 3569 1723 3630 Pharaone
1755 3569 1976 3626 ditionis
1991 3608 2010 3636 ‚
2046 3567 2253 3626 idcirco
2292 3565 2445 3626 nullo
2492 3569 2706 3622 nomine

539 3658 768 3732 proprio
794 3657 948 3710 Nilus
975 3658 1034 3709 in
1059 3657 1422 3718 Pentateucho
1439 3694 1458 3720 ‚
1492 3655 1585 3711 sed
1613 3656 1981 3718 tantummodo
2010 3655 2283 3716 communi
2307 3655 2673 3728 appellatione
2688 3696 2705 3722 ,

542 3767 607 3803 ac
627 3764 852 3801 numero
879 3745 1138 3818 singulari
1163 3743 1365 3800 flumen
1399 3758 1778 3819 nuncupatur,
1803 3747 1891 3801 vel
1917 3746 2108 3799 amnis.
2130 3745 2259 3810 Quo
2283 3743 2505 3798 nomine
2528 3744 2705 3817 singn-

541 3835 670 3891 laris
693 3835 904 3889 numeri
930 3833 1148 3888 unicum
1174 3833 1484 3888 Taniticum
1504 3873 1521 3899 ,
1552 3846 1614 3888 ut
1636 3833 1869 3889 diximus
1887 3874 1906 3900 ,
1930 3834 2233 3907 proximum
2268 3844 2399 3886 tunc
2420 3833 2705 3887 Palestina

544 3924 755 3978 alveum
774 3962 790 3989 ,
816 3923 990 3976 Moses
1020 3921 1343 3994 designavit.
1369 3923 1561 3994 Neque
1594 3922 1715 3995 ipso
1738 3923 1899 3976 etiam
1930 3933 2293 3994 consequente
2314 3939 2455 3986 ovo,
2479 3939 2645 3993 quum
2674 3939 2703 3972 a

544 4011 720 4083 Syene
739 4021 793 4064 et
817 4007 1088 4082 Memphi,
1111 4023 1166 4063 et
1190 4011 1312 4064 loco
1337 4009 1430 4064 ubi
1455 4010 1773 4065 Alexandria
1801 4022 1908 4075 est,
1931 4023 2096 4084 atque
2117 4009 2361 4075 Pelusio,
2387 4009 2589 4063 fluvius
2618 4007 2705 4062 ille

546 4097 746 4152 Judeis
782 4097 1018 4150 innotuit
1036 4136 1053 4164 ,
1083 4097 1255 4150 ullum
1291 4097 1340 4152 ei
1369 4111 1649 4171 propterea
1676 4099 1951 4172 peculiare
1974 4117 2173 4154 nomen
2198 4097 2349 4154 Libri
2370 4095 2520 4153 socri
2547 4093 2703 4156 dede·
