2950 5017
1076 438 1155 506 C.
1209 435 1550 506 PLINII
1605 435 1830 506 NAT.
1883 435 2144 504 HIST.

548 595 644 640 ιι.
686 566 917 665 populi
968 566 1193 640 liberae
1234 569 1532 640 feritatis.
1583 569 1801 664 Supra
1839 593 1955 637 eos
1996 579 2231 662 patent
2241 552 2294 606 ⁵⁹
2337 567 2675 652 Parthusi,

551 675 811 762 Mardi,
828 689 897 750 et
910 677 1103 745 Saitae
1119 661 1362 770 ,Hyiffl'
1378 729 1399 764 ,
1422 700 1535 771 qui
1521 674 2062 771 praetenduntur
2083 698 2284 768 supra
2305 671 2680 768 Elymaida,

554 803 754 875 quam
792 781 1087 851 Persidi
1070 807 1138 850 m
1164 807 1285 851 ora
1304 781 1662 912 junximus.
1689 783 1858 850 Susa
1886 805 1926 849 a
1953 780 2219 848 Persico
2245 782 2414 849 mari
2445 779 2684 848 absunt

550 909 681 957 cet.
708 885 869 956 mill.
914 911 1249 1006 passuum.
1280 873 1494 977 Qua⁶¹
1533 887 1736 956 subiit
1768 886 1854 955 ad
1889 909 2038 955 eam
2083 884 2306 955 classis
2329 883 2684 955 Alexandri

549 993 888 1088 Pasitigri,
922 995 1109 1062 vicus
1128 993 1214 1062 ad
1242 993 1457 1063 lacum
1486 991 1920 1063 Chaldaicum
1944 1005 2224 1060 vocatur
2241 990 2490 1084 Aphle.
2511 989 2687 1059 unde

548 1099 712 1168 Susa
734 1100 1158 1218 navigatione
1182 1123 1319 1168 va
1356 1123 1437 1170 ιιι.
1466 1123 1534 1169 n.
1565 1123 1878 1230 passuum
1909 1097 2172 1167 absunt.
2204 1085 2570 1166 Susianis&
2603 1095 2690 1164 ab

550 1205 806 1274 oriente
854 1205 1139 1300 proximi
1204 1219 1361 1274 sunt
1416 1190 1728 1274 Cossaei⁶³
1769 1227 2037 1298 :supra
2092 1205 2394 1274 Cossaeos
2441 1203 2527 1272 ad
2581 1227 2690 1272 se·-

550 461 706 533 700

551 1311 1024 1404 ptemtrionem
1043 1296 1538 1380 Mesabatene⁶⁴
1567 1311 1694 1381 sub
1735 1325 1964 1380 monte
1999 1307 2424 1394 Cambalido,
2451 1308 2566 1403 qui
2593 1321 2690 1378 est

550 1417 836 1486 Caucasi
870 1431 1137 1486 ramus·
1178 1416 1333 1486 inde
1374 1414 1762 1486 mollissimo
1803 1417 2088 1484 transitu
2129 1415 2199 1483 in
2226 1417 2528 1484 Bactros.

484 1553 521 1605 9
665 1523 987 1592 Susianen
1016 1522 1101 1591 ab
1130 1522 1506 1652 Elymaide
1503 1523 1917 1592 disterminat
1945 1505 2197 1591 amnis⁶
2201 1505 2554 1606 ⁵,Eulaeus
2583 1545 2690 1590 or-

552 1642 663 1698 tus
682 1653 751 1697 ιιι
776 1627 995 1697 Medis
1006 1613 1506 1723 ,modicoque66
1537 1629 1754 1723 spatio
1787 1625 2098 1697 cuniculo
2123 1625 2476 1714 condituS‚
2501 1573 2685 1696 liac⁶⁷

552 1758 783 1804 rursus
804 1749 1107 1821 exortus,
1130 1749 1197 1804 et
1213 1759 1335 1830 per
1362 1719 1908 1804 Mesabatenen⁶⁸
1930 1732 2183 1828 lapsus,
2209 1733 2452 1802 circuit
2469 1757 2688 1802 arcem

553 1957 730 2026 laum,
756 1958 851 2032 qui
872 1977 977 2030 pro
1010 1959 1157 2027 Oxii,
1184 1961 1368 2016 Cosmi
1388 1959 1582 2014 substi·
1667 1956 1870 2030 tendit,
1913 1975 2015 2012 nec
2061 1956 2186 2011 ideo
2233 1955 2544 2029 fingendum
2583 1976 2692 2012 esee

555 2039 677 2093 tuit.
735 2040 941 2093 Verum
992 2059 1057 2094 ex
1106 2039 1367 2094 Strabone
1424 2041 1543 2112 ipso
1565 2079 1582 2105 ‚
1667 2039 1934 2111 populum
1959 2037 2125 2110 Hyos.
2151 2037 2258 2092 En.

556 2137 717 2190 quem
756 2137 857 2190 pro
904 2137 961 2172 se
1015 2119 1171 2173 affert
1191 2159 1209 2187 ,
1260 2119 1433 2173 inanis
1470 2121 1585 2190 ejus
1751 2121 1846 2171 61.
1880 2117 1996 2186 Qua
2023 2116 2172 2170 subiit
2195 2117 2268 2170 ad
2287 2135 2412 2170 εαιιι.
2443 2115 2533 2170 Ad
2566 2118 2692 2170 Susa

555 2201 865 2269 conjectura
908 2199 1212 2270 agnoscitur
1244 2216 1260 2251 ε
1306 2199 1353 2252 is
1403 2197 1582 2256 enim,
1666 2197 1868 2268 regiam
1908 2197 2188 2250 Persarum
2206 2236 2225 2265 ‚
2263 2209 2325 2250 nt
2371 2194 2580 2250 dictum
2617 2209 2693 2251 est

555 2289 621 2331 ut
648 2276 879 2330 diximus
908 2277 1149 2350 superius
1184 2279 1375 2349 paulo,
1408 2297 1457 2331 c.
1487 2284 1583 2340 26.
1669 2295 1790 2349 cap.
1825 2279 1917 2330 26.
1943 2276 2132 2330 ΗΑιι).

556 2369 672 2410 not.
700 2357 773 2412 33
794 2397 809 2423 ,
837 2357 1011 2412 Uxios
1042 2357 1276 2410 Susianis
1318 2376 1379 2410 ac
1412 2357 1586 2412 Persis

555 2435 616 2489 in
646 2455 740 2491 orn
769 2435 969 2490 Persici
996 2437 1155 2490 maris
1180 2435 1417 2490 confines
1442 2436 1585 2490 facit.

557 2513 717 2569 Adde
740 2516 1027 2570 Attianum
1048 2555 1066 2582 ,
1090 2535 1120 2568 a
1144 2517 1303 2569 nobis
1326 2517 1485 2570 etiam
1515 2534 1584 2569 eo

556 2595 665 2649 loci
713 2595 1007 2650 laudatum.
1064 2595 1218 2649 Adde
1258 2608 1313 2649 et
1351 2595 1587 2649 Plinium

556 2673 736 2748 ipsum
755 2713 772 2739 ,
797 2674 1070 2728 dicturum
1094 2694 1221 2730 mox
1247 2673 1315 2728 de
1338 2675 1584 2738 Cossaeis,

560 2755 657 2826 qui
685 2754 923 2808 Susianis
948 2752 1167 2826 quidem
1198 2755 1435 2826 proximi
1461 2766 1588 2807 sunt

560 2845 618 2886 et
646 2835 747 2906 ipsi
774 2833 841 2887 ad
870 2833 1129 2886 orientem
1158 2853 1369 2900 versus,
1395 2851 1584 2887 verum

558 2931 673 2966 non
714 2914 774 2967 in
825 2912 1009 2966 littore
1054 2913 1253 2967 Persici
1306 2914 1483 2978 sinus,
1527 2925 1588 2966 ut

1669 2453 1792 2490 rum
1811 2434 1946 2489 fines
1959 2473 1976 2499 ,
1994 2454 2024 2488 ιι
2041 2435 2178 2488 mari
2195 2435 2424 2487 maxime
2440 2448 2692 2500 remotos,

1671 2515 1941 2586 attingunt
1979 2516 2046 2567 ab
2075 2513 2280 2567 oriente
2310 2513 2504 2567 Cossoei
2535 2515 2692 2567 latro-

1672 2612 1785 2647 nes.
1809 2594 2145 2664 Stephanus:
2171 2595 2403 2658 Κοσσίσ..
2423 2595 2564 2664 μέρος
2578 2599 2696 2664 Πιρ-

1672 2669 1814 2736 σὶδος
1831 2697 1845 2710 ·
1875 2675 1918 2727 οἱ
1946 2675 2184 2733 οἰκοῦντος
2209 2676 2468 2726 Κοσσαῖοι.
2497 2672 2696 2726 Plutar-

1671 2752 1778 2808 cho
1797 2753 1853 2805 in
1875 2753 1981 2806 vita
2005 2753 2162 2806 Alex.
2179 2771 2238 2824 p.
2261 2759 2405 2822 704,
2431 2756 2694 2808 nonenim

1671 2830 1948 2886 dicuntur.
1969 2833 2154 2886 ΗΑΒ».

1757 2913 1852 2966 63.
1883 2911 2084 2965 Cosmi.
2113 2909 2297 2965 chiffl.
2326 2909 2552 2966 Cossiaei.
2575 2912 2694 2966 Vet.

1753 2361 1848 2410 63.
1880 2354 2098 2409 Susianis
2123 2355 2188 2407 ab
2213 2357 2414 2408 oriente.
2444 2355 2692 2409 Susiano·
2771 2361 2788 2378 ⁶

562 2992 721 3051 Oxii.
750 3006 805 3046 et
831 2991 1057 3062 Elymaei
1084 3011 1098 3045 :
1126 2992 1221 3046 sed
1250 2992 1308 3045 in
1335 2991 1588 3046 mediter-

493 3105 496 3108 ·
560 3091 725 3126 raneo
744 3111 763 3138 ‚
822 3085 879 3125 et
930 3073 988 3136 in
1042 3071 1313 3125 montanis
1330 3110 1346 3137 ,
1406 3089 1591 3134 versus

561 3149 796 3206 Mediam
825 3169 841 3204 :
876 3151 1039 3214 Οὔξιοι
1074 3151 1159 3204 καὶ
1196 3141 1431 3222 ἐλυμαῖοι
1460 3153 1591 3220 Πέρ-

457 3284 478 3305 .
562 3251 677 3292 cate
720 3251 775 3286 τι
824 3229 913 3284 καὶ
961 3231 1176 3293 Σουσίοις
1203 3253 1217 3266 ·
1249 3235 1489 3284 Κοσσαῖοι
1530 3225 1591 3284 δὲ

561 3306 762 3372 Μήδοις
790 3314 1046 3380 προσεχεῖς
1068 3306 1217 3368 ἦσαν.
1244 3310 1463 3368 Strabo,
1491 3309 1586 3362 lib.

562 3391 826 3462 X1,pag.
865 3389 1008 3457 524,
1044 3403 1098 3442 et
1129 3389 1226 3443 lib.
1262 3389 1427 3451 xvl,
1464 3407 1587 3460 pag.

565 3471 907 3540 74411321).

647 3548 740 3620 59.
756 3548 936 3601 Patent
946 3547 1101 3600 Parth
1102 3549 1195 3612 ιιι-ι’,
1204 3546 1393 3601 Mardi.
1405 3546 1588 3602 Chiffl.

556 3641 735 3700 parent
750 3627 1059 3680 PartkisMa
1062 3627 1156 3680 rdi.
1184 3629 1289 3680 En.

650 3711 738 3761 60.
770 3708 899 3778 Hyi.
944 3705 1031 3760 Sic
1064 3707 1182 3760 Ms.
1214 3708 1343 3778 Reg.
1384 3725 1433 3760 1.
1468 3707 1590 3760 MS.

563 3787 698 3858 Reg.
726 3805 753 3838 2
770 3825 785 3852 ,
810 3788 920 3840 Hit.
950 3784 1096 3840 Edit.
1122 3785 1299 3856 princ.
1326 3790 1381 3840 it.
1412 3786 1591 3851 Quam

561 3865 782 3938 quidem
813 3866 1104 3920 editionem
1144 3866 1385 3937 sequitur
1411 3867 1594 3918 Brote-

562 3947 704 4012 τίω,
726 3945 821 4018 qui
848 3946 959 4014 Hyi
977 3957 1031 3999 et
1057 3945 1151 3998 His·
1166 3945 1223 3998 in
1252 3945 1408 3999 MSS.
1435 3963 1538 4017 pro
1554 3947 1594 3998 ἱί

560 4025 817 4098 scriptum
857 4045 969 4080 non
1004 4025 1168 4080 semel
1198 4023 1425 4096 reperiri
1466 4042 1594 4078 eon·

1673 3009 1760 3064 ap.
1788 2991 1967 3045 Dalec.
1995 2991 2132 3045 oxii.
2159 2990 2266 3042 En.

1759 3074 1852 3135 64.
1890 3069 2214 3124 Mas-abatem.
2251 3070 2330 3123 Its
2365 3071 2501 3141 Reg.
2541 3087 2566 3122 1
2587 3109 2605 3136 ,
2634 3091 2696 3136 a,

1674 3161 1778 3202 etc.
1805 3150 2096 3203 Ptolemaeo
2120 3150 2178 3201 in
2204 3147 2453 3216 Perside,
2476 3150 2574 3204 lib.
2595 3151 2699 3215 vt,

1673 3247 1792 3301 cap.
1825 3235 1858 3292 4
1875 3267 1894 3294 ,
1917 3225 2246 3282 Mscoessdtoet.
2274 3229 2464 3283 ΒΑΜ).

1757 3309 1854 3363 65.
1878 3308 2056 3361 Amnis
2087 3309 2306 3362 Euloeus.
2332 3309 2538 3368 Εὕλαιος
2569 3311 2701 3362 Stra·

1673 3387 1840 3452 boni,
1864 3387 1960 3440 lib.
1987 3387 2124 3452 XV,
2148 3405 2267 3459 pag.
2299 3390 2436 3459 728.
2465 3387 2696 3442 chifflet.

1676 3469 1854 3522 Amnis
1875 3468 2038 3520 Iloeus.
2061 3466 2169 3520 Ευ.

1759 3551 1854 3600 66.
1881 3545 2172 3618 Modicoque
2193 3547 2368 3616 spatio.
2395 3545 2696 3617 Dalecamp.

1676 3627 1920 3700 medioque
1942 3631 2116 3697 spatio.
2141 3627 2244 3679 En.

1760 3710 1854 3776 67.
1877 3707 1996 3758 Hac
2007 3725 2184 3759 net-sus.
2207 3706 2318 3758 Hac
2335 3703 2452 3776 ipsa
2463 3704 2696 3776 regione,

1677 3784 1822 3839 unde
1860 3797 2008 3838 ortus
2045 3785 2280 3857 primum
2301 3804 2317 3836 ε
2357 3801 2552 3856 nempe
2583 3783 2694 3836 Me·

1677 3863 1784 3918 dia.
1809 3865 1992 3918 Ham.

1763 3945 1856 3998 68.
1881 3942 2240 3997 Mesabatenen.
2271 3942 2454 3996 Dalec.
2483 3940 2696 3996 Mauba-

1682 4036 1834 4078 tenen.
1861 4023 1968 4078 En.
