2950 5017
555 427 696 525 734
991 403 999 410 ’
1087 430 1166 498 c.
1217 427 1569 498 PL1N11
1619 427 1843 498 NAT.
1894 429 2157 498 msr.

551 587 735 648 mus,
771 561 1026 630 Arabas
1061 561 1442 631 conditores
1492 560 1765 630 habere.
1824 561 1998 629 Sunt
2048 573 2119 629 et
2156 563 2273 655 qui
2310 559 2689 632 ulteriooem

555 656 832 764 ripam⁶¹
875 668 1232 762 AEthiopiae
1273 667 1616 750 auferant,
1666 679 2161 760 annectantque
2196 667 2469 751 Africae,
2520 670 2691 762 ripas

550 791 774 844 autem
805 772 1094 844 incolere
1135 789 1412 870 propter
1456 795 1719 866 aquam.
1760 774 1903 842 Nos
1946 771 2183 842 relicto
2224 777 2467 868 cuique
2500 773 2694 843 intel-

551 880 798 976 ligendi
843 881 1117 950 arbitrio
1137 933 1158 968 ,
1215 879 1464 976 oppida
1517 903 1654 974 quo
1688 877 2049 948 traduntur
2088 879 2323 950 ordine
2366 881 2695 975 utrimque

605 1012 907 1056 onemus.

552 1013 597 1082 p
649 1095 941 1163 XXXV.
971 1094 1032 1160 A
1060 1089 1340 1186 Syene¹,
1379 1106 1450 1161 et
1486 1093 1670 1186 prius
1697 1092 1960 1162 Arabiae
1998 1091 2249 1176 latere,
2290 1117 2457 1188 gens
2494 1093 2697 1162 Cata-

549 1199 729 1294 dupi.
774 1197 1036 1268 Deinde
1075 1199 1379 1329 Syenitae.
1417 1196 1733 1292 Oppida.
1774 1197 2240 1294 Tacompsou²
2244 1249 2264 1285 ‚
2304 1225 2509 1294 quam
2546 1200 2693 1294 qui-

551 1305 702 1374 dam
780 1290 1334 1400 appellaverunt³
1394 1302 1809 1392 Thathicen‚
1864 1292 2248 1389 Aranium⁴,
2319 1307 2700 1386 Sesanium‚

553 1412 908 1498 Sandura,
944 1409 1371 1496 Nasaudum,
1419 1409 1809 1497 Anadoma,
1846 1413 2181 1493 Cumara,
2238 1414 2403 1480 Peta
2460 1427 2531 1482 et
2571 1415 2701 1479 Bo-

553 1517 834 1604 chiana‚
886 1515 1429 1646 Leuphithorga,
1498 1518 1914 1604 Tautarene,
1972 1516 2464 1602 Moechindira‚
2518 1517 2695 1599 Noa,

553 1624 880 1718 Gophna,
897 1607 1209 1714 Gystate⁵
1216 1621 1563 1718 ,Megeda,
1590 1625 1753 1707 Lea,
1776 1622 2445 1742 Rhemnia,Nupsia,
2438 1573 2701 1755 :pire-a,

553 1733 840 1824 Pataga,
885 1727 1190 1822 Bagada,
1233 1731 1585 1814 Dumana,
1616 1728 1963 1816 mndata,
2000 1729 2071 1797 in
2104 1753 2239 1824 quo
2278 1715 2467 1800 felis⁶
2508 1751 2705 1798 aurea

555 1861 680 1932 pro
702 1837 852 1904 Deo
877 1833 1238 1903 colebatur.
1269 1835 1545 1904 Boron
1527 1857 1595 1902 m
1624 1833 2112 1905 mediterraneo
2130 1833 2453 1924 ‚Mallos,
2486 1835 2706 1932 proxi·

555 1966 742 2010 mum
785 1943 1084 2010 Meroae:
1119 1941 1213 2010 sic
1249 1937 1577 2035 prodidit⁷
1610 1940 1801 2008 Bion.

656 2047 832 2116 Juba
882 2046 1122 2115 aliter:
1178 2046 1503 2141 oppidum
1550 2047 1621 2114 in
1676 2060 1907 2116 monte
1960 2033 2429 2142 Megatichos⁸
2464 2101 2485 2132 ‚
2530 2049 2705 2116 inter

549 2155 910 2249 AEgyptum
947 2167 1014 2220 et
1041 2151 1480 2248 AEthiopiam,
1525 2151 1705 2246 quod
1746 2152 1999 2221 Arabes
2036 2153 2319 2248 Myrson
2349 2175 2710 2223 vocavere.

552 2258 854 2328 Deinde⁹
895 2261 1320 2352 Tacompson
1343 2311 1363 2344 ,
1406 2259 1762 2341 Aranium,
1810 2259 2197 2344 Sesanium,
2246 2259 2454 2329 Piden
2474 2309 2497 2342 ,
2564 2261 2713 2328 Ma·

554 2365 758 2434 muda
781 2417 800 2452 ‚
829 2364 1232 2450 Corambin,
1261 2365 1452 2458 juxta
1486 2389 1635 2434 eam
1666 2363 2011 2434 bituminis
2045 2365 2301 2435 fontem
2332 2391 2349 2432 ε
2380 2368 2713 2434 Hammo·

554 2561 634 2604 est
651 2549 751 2602 lib.
776 2547 849 2615 V,
876 2566 992 2618 cap.
1019 2565 1070 2617 9.
1101 2545 1369 2600 Arabibus
1399 2545 1587 2600 hodie-

552 2647 658 2702 que
679 2629 979 2682 Betbsemes
1006 2627 1334 2698 appellatur,
1355 2627 1460 2680 hoc
1484 2639 1583 2691 est,

551 2709 742 2761 Domus
767 2707 916 2761 Solis.
943 2706 1029 2759 Ab
1051 2705 1305 2759 Israelitis
1322 2745 1339 2772 ,
1365 2705 1498 2759 dum
1527 2705 1586 2758 in

549 2791 786 2859 AEgypto
806 2798 980 2840 essent
993 2825 1010 2850 ,
1035 2784 1303 2839 conditam
1331 2797 1587 2840 asseverat

549 2866 820 2932 Isidorus,
853 2865 1090 2938 Etymol.
1122 2865 1223 2917 lib.
1257 2867 1331 2919 V.
1358 2865 1542 2918 Ham).

632 2949 665 3000 6
679 2965 700 3000 ι
713 2987 726 3000 .
749 2945 1032 2998 Ulterior-em
1055 2949 1227 3014 ripam.
1247 2945 1446 2998 Gentes
1462 2961 1583 3016 quae

547 3027 722 3098 ripam
747 3025 858 3077 Nili
883 3023 1196 3078 orientalem
1219 3025 1484 3078 accolunt.
1510 3023 1581 3077 Η.

1674 2547 1884 2601 nullum
1918 2565 1986 2601 ex
2022 2547 2089 2602 iis
2120 2547 2340 2622 oppidis
2364 2567 2603 2621 prorsus
2630 2567 2719 2602 ex·

1674 2639 1851 2680 staret.
1882 2625 2068 2680 Hann-

1756 2705 1812 2758 3.
1844 2707 2242 2776 Appellaoerum.
2272 2705 2519 2762 chifflet.
2552 2709 2725 2779 appe!-

1674 2784 1854 2838 hrunt.
1887 2785 1994 2839 En.

1756 2869 1811 2929 4.
1852 2867 2130 2933 Anniam,
2157 2865 2426 2919 Sescnim.
2460 2867 2603 2922 Vet-
2634 2885 2722 2938 ap.

1672 2939 1855 2998 Dalec.
1884 2947 2109 2997 Ammon
2128 2984 2145 3011 ,
2176 2945 2421 2999 Samon.
2452 2947 2576 3000 En.

1758 3022 1808 3077 5.
1844 3023 2071 3087 Gysmte.
2103 3023 2411 3097 Dalecamp.
2444 3037 2507 3078 et
2536 3025 2727 3079 Elam.

630 3105 860 3158 XXXV.
906 3121 955 3157 1.
987 3105 1040 3156 A
1071 3101 1245 3177 Syene.
1293 3103 1373 3156 De
1410 3103 1585 3174 Syene

551 3197 604 3240 et
627 3181 949 3254 Catadupis,
973 3182 1070 3234 lib.
1099 3183 1175 3248 V,
1201 3201 1322 3254 cap.
1357 3201 1443 3236 to.
1471 3183 1539 3234 Η.

637 3283 691 3318 2.
741 3265 1060 3332 Tacompson.
1099 3263 1401 3334 Τάκομψος,
1436 3261 1579 3333 κώμη

551 3346 598 3397 ἐν
621 3347 722 3404 τοῖς
747 3345 886 3412 ὁρίοις
903 3342 1182 3412 Αἰγυπτίων
1204 3345 1288 3395 καὶ
1309 3341 1583 3406 Αἰθιόπων,

551 3425 728 3496 inquit
751 3421 1048 3494 Stephanus
1070 3438 1084 3473 ε
1109 3421 1258 3474 vicus
1279 3434 1360 3474 est
1379 3421 1436 3473 iu
1460 3439 1586 3475 con-

549 3503 687 3556 finio
704 3502 926 3574 AEgypti
943 3511 998 3553 ct
1013 3499 1311 3572 AEthiopiae.
1327 3501 1584 3572 Τακομψὸ

551 3581 830 3636 Herodoto
848 3621 865 3644 ,
897 3581 1161 3650 Euterpe,
1189 3579 1285 3634 lib.
1313 3581 1402 3646 11,
1427 3599 1581 3634 num.

555 3682 658 3731 29,
683 3679 807 3733 pag.
840 3677 960 3713 100.
993 3659 1197 3712 Caetera
1220 3671 1343 3713 sunt
1369 3661 1588 3714 vetustis

549 3739 901 3812 scriptoribus
941 3739 1120 3810 ignota
1159 3757 1382 3810 prorsus
1423 3741 1586 3811 oppi-

549 3819 746 3873 dorum
790 3817 1007 3872 nomina
1049 3837 1064 3871 τ
1110 3835 1231 3889 quae
1285 3837 1388 3872 nec
1433 3837 1587 3872 nosse

549 3917 729 3969 opera:
753 3897 980 3968 pretium
999 3935 1016 3962 ‚
1038 3916 1138 3950 nec
1161 3898 1317 3968 plane
1339 3899 1587 3952 nesciisse

553 3979 722 4030 ullum
765 3995 944 4030 rerum
989 3975 1334 4046 dispendium
1373 3979 1581 4032 fuerit·

550 4075 720 4129 quum
781 4057 864 4112 vel
903 4067 1028 4110 ante
1069 4057 1294 4128 Augusti
1339 4071 1583 4130 tempora

1678 3101 1922 3160 Gsstatoe.
1950 3105 2057 3157 En.

1754 3185 1807 3236 6.
1856 3183 1919 3234 In
1956 3203 2054 3256 qao
2086 3183 2223 3252 fili-5.
2270 3186 2353 3236 De
2398 3184 2566 3239 cultu
2610 3183 2728 3238 felis

1672 3261 1817 3333 apud
1850 3263 2161 3334 AEgyptios,
2192 3262 2457 3316 Eusebius
2492 3283 2570 3317 ex
2600 3265 2731 3317 Bar·

1672 3339 1886 3404 desane,
1910 3343 2145 3414 Praepar.
2164 3343 2261 3396 lib.
2278 3343 2379 3408 VI,
2400 3362 2463 3413 p.
2492 3345 2635 3398 ²80.
2662 3343 2727 3396 Η.

1754 3439 1812 3491 7.
1869 3421 2105 3475 Prodidit
2160 3423 2310 3475 Bion.
2364 3421 2507 3474 Juba
2564 3423 2731 3477 «ὕεα.

1672 3501 1851 3553 Dalec.
1864 3501 2089 3570 prodidit
2100 3501 2403 3568 mom-Iuba
2420 3503 2603 3557 olim.
2627 3505 2731 3556 En.

1753 3579 1807 3632 8.
1832 3579 2153 3652 Megatichos.
2184 3583 2339 3652 Μέγα
2365 3585 2543 3650 niza:
2556 3622 2577 3642 ,
2600 3599 2733 3637 vooe

1670 3677 1839 3730 graeca
1894 3679 2151 3733 magnum
2194 3657 2501 3733 oppidum,
2538 3664 2733 3717 castel-

1672 3739 1855 3791 lumve
1880 3740 2443 3811 significante.1{nn.

1758 3837 1813 3888 9.
1835 3819 2027 3873 Deluda
2054 3821 2370 3889 Tacompson.
2386 3819 2575 3873 Eam·
2556 3839 2733 3894 apaan

1674 3899 1949 3960 nimirum,
1968 3903 2120 3972 cnjus
2140 3901 2276 3952 facta
2294 3900 2559 3970 superins
2580 3919 2735 3952 men-

1672 3981 1748 4033 tio
1788 3999 1803 4030 :
1850 3977 1943 4031 sed
1993 3981 2100 4033 alio
2152 3999 2183 4033 a
2231 3979 2417 4040 Juba,
2474 3999 2657 4052 quam
2702 3999 2733 4033 a

1672 4059 1878 4123 Bione‚
1906 4058 2100 4115 ordine
2126 4059 2401 4113 recensita.
2432 4057 2640 4114 Ηιιιι.
