2950 5017
1077 468 1387 538 LIBER
1445 467 1578 535 vl.

2228 466 2382 562 649

247 623 676 694 norem,quae
702 597 927 688 Patale
940 583 986 669 ⁶.
1032 601 1225 695 Ipse⁷
1264 625 1387 696 per
1406 585 1514 668 ‘fii
1536 622 1624 668 n.
1646 621 1726 669 Μ.
1749 619 1920 693 pass.
1949 585 2384 694 (parcissimis
2421 624 2450 658 ²

241 794 737 850 mnisntVeteribns
755 795 1039 856 creditum,
1058 797 1265 870 ipsique

242 876 509 947 Virgilio,
550 876 618 929 ab
655 874 810 928 Indis
854 895 953 947 per
993 875 1265 930 Persidem

241 951 523 1008 decurrere
542 956 597 1008 in
615 959 934 1027 AEgyptum3
952 967 1043 1008 aut
1056 957 1124 1009 ab
1138 969 1267 1010 ortu

242 1034 367 1090 solis
418 1033 585 1087 fluere
627 1054 643 1088 z
692 1053 853 1106 quam
924 1033 1267 1090 stoliditatem

240 1111 479 1168 Pindaro
534 1112 751 1184 quidem
773 1153 789 1180 ,
829 1113 1049 1186 aliisque
1068 1155 1084 1180 ‚
1127 1135 1268 1168 non·

240 1210 401 1246 nemo
419 1231 436 1257 ,
470 1191 563 1244 sed
594 1193 759 1256 falso,
781 1192 1053 1248 adscribit.
1081 1195 1265 1246 Enim-

238 1291 369 1325 vero
394 1269 533 1324 duos
562 1271 891 1343 apertissime
926 1272 1267 1345 diversosque

241 1369 303 1404 ac
325 1350 769 1421 disjunctissimos
788 1363 982 1407 tractus
1004 1365 1265 1408 terrarum

241 1430 504 1502 Virgilius
540 1429 816 1501 distinguit
843 1449 857 1484 ε
886 1433 1109 1485 alterum
1127 1470 1143 1497 ,
1170 1433 1267 1486 ubi

242 1509 343 1562 ait:
373 1536 398 1557 ι
418 1509 556 1562 Nam
584 1529 689 1582 qua
726 1510 904 1563 Pellaei
939 1529 1067 1583 gens
1097 1512 1267 1565 fortu-

240 1600 363 1643 nata
384 1589 593 1661 Canopi
614 1614 638 1635 n
669 1609 683 1640 ε
711 1591 935 1642 alterum
958 1592 1061 1643 ibi:
1089 1617 1112 1638 ι
1130 1591 1269 1655 Qua·

240 1685 344 1738 que
400 1669 720 1740 pharetrata
774 1669 973 1724 vicinia
1033 1669 1267 1724 Persidis

241 1760 393 1818 urget
422 1773 447 1796 ι
476 1765 491 1801 :
528 1746 723 1801 deinde
754 1760 869 1802 tum
914 1749 1037 1803 illos
1072 1761 1268 1802 tractus

240 1827 452 1893 ambos,
477 1840 601 1880 tum
638 1828 1001 1904 interjacentes
1026 1828 1268 1899 regiones

242 1905 445 1978 colligit
466 1907 661 1960 ultimo
678 1926 833 1960 versu
846 1946 863 1972 ,
881 1907 1027 1960 velut
1043 1908 1269 1979 epipho-

240 1998 445 2040 nemate
478 2003 495 2038 τ
542 2011 569 2036 ι
596 1987 787 2040 Omnis
834 1986 891 2039 in
930 1986 1029 2038 hac
1067 2001 1265 2042 certam

239 2066 386 2136 regio
409 2065 542 2140 jacit
573 2077 687 2119 arte
714 2067 956 2120 salutem.
979 2091 1003 2116 a
1038 2065 1146 2119 Sed
1171 2085 1267 2120 su·

240 2141 393 2196 dsees
424 2145 467 2197 ii
498 2143 768 2207 vicissim,
797 2147 891 2218 qui
912 2163 1124 2198 versum
1152 2165 1258 2216 ²91

241 2223 359 2276 loco
376 2235 585 2278 mutant
600 2265 617 2290 ,
638 2235 1071 2299 preponuntque
1092 2225 1265 2283 versui

245 2319 353 2370 ²9⁰
370 2340 388 2368 ,
438 2315 504 2356 nt
555 2322 737 2357 versus
784 2304 992 2376 priores
1038 2313 1269 2376 quatuor

239 2379 423 2436 Nilum
454 2381 675 2454 quidem
692 2422 708 2447 ,
734 2383 1055 2454 posteriores
1082 2372 1271 2436 nutem·

242 2472 347 2515 tres
396 2461 601 2514 Indum
647 2460 948 2515 describant
980 2479 995 2515 ε
1036 2463 1121 2516 vel
1172 2465 1265 2534 qui

238 2543 438 2612 majore
471 2541 696 2594 andacia
722 2561 933 2595 versum
966 2540 1119 2594 illum
1152 2561 1259 2611 ²91

237 2639 465 2691 prorsus
494 2633 833 2692 expungunt,
862 2639 927 2674 eo
964 2620 1112 2694 quod
1142 2634 1267 2674 ante

242 2716 348 2767 ²9⁰
378 2717 493 2753 esse
520 2719 631 2752 non
664 2701 863 2771 possit,
893 2701 1024 2771 quin
1059 2699 1267 2754 dicatur

236 2780 668 2850 ⁸·gensfortunata
678 2779 884 2850 Canopi
896 2805 919 2827 ι
930 2819 945 2845 ,
958 2791 1019 2833 ut
1036 2781 1265 2834 «circum

235 2875 328 2911 sna
354 2877 481 2912 rura
508 2859 631 2912 vehi
654 2859 885 2930 phaselis
908 2885 931 2906 -
957 2877 976 2924 ς
1001 2858 1078 2912 sic
1106 2859 1265 2912 etiam

232 2959 257 2980 ι
274 2939 567 3010 AEgyptum
584 2938 871 2992 fecundare
886 2939 1038 3009 nigra
1051 2957 1207 2992 arena
1218 2957 1267 3003 ις

239 3018 385 3086 quod
411 3029 491 3071 est
516 3010 833 3071 certe'dictu
856 3017 1267 3090 perabsurdum.

234 3095 463 3169 Utrique
490 3109 667 3150 tamen
684 3131 703 3159 ,
735 3098 836 3150 viri
864 3098 1059 3168 alioqui
1092 3097 1262 3159 docti,

234 3193 345 3228 non
370 3176 841 3242 animadvertunt,
866 3177 1071 3230 viridem
1097 3177 1269 3249 AEgy-

230 3266 365 3326 ptum
393 3254 505 3308 dici
535 3255 858 3327 perfrigide,
883 3256 927 3309 si
955 3254 1025 3309 de
1053 3253 1266 3320 Pellaea,

236 3335 339 3388 hoc
374 3349 454 3388 est
472 3374 489 3401 ,
524 3335 597 3388 de
622 3339 889 3406 AEgypto‚
926 3354 1043 3407 quai
1070 3335 1269 3388 Africa

238 3413 437 3484 adjacet
453 3455 469 3478 ,
499 3415 832 3485 intelligitur.
856 3415 993 3468 Nam
1015 3413 1133 3487 quis
1158 3433 1268 3466 non

236 3495 458 3547 omnino
520 3494 751 3547 insulsus
818 3507 976 3566 poeta
1040 3491 1269 3546 viridem

237 3571 462 3626 Galliam
490 3571 689 3625 dixerit
705 3612 721 3636 ,
747 3571 975 3627 viridem
1004 3571 1231 3626 Siciliam
1248 3611 1267 3637 ,

236 3652 321 3705 vel
332 3653 543 3706 Italiam
557 3691 574 3716 ,
602 3653 823 3707 aliamve
838 3653 1153 3728 regionem?
1174 3653 1267 3706 Va·

236 3733 383 3784 tidem
402 3732 685 3802 AEgyptum
710 3731 1051 3804 pereruditus
1076 3743 1129 3784 et
1147 3751 1269 3804 per-

234 3829 391 3882 quem
420 3823 701 3865 accuratus
736 3824 879 3864 vates
908 3811 1142 3883 appellat
1182 3812 1268 3863 in·

236 3892 400 3945 sulam
423 3891 709 3944 Prasianen
724 3929 739 3955 ,
766 3909 931 3963 qnam
957 3890 1125 3947 Indus
1148 3909 1265 3944 am·

237 3971 320 4023 nis
337 3971 391 4022 in
415 3971 558 4024 ostio
584 3969 779 4035 efficit,
804 3983 867 4023 ut
890 3971 1045 4024 Nilus
1074 3968 1265 4023 Delta:

238 4049 314 4102 sic
342 4050 491 4103 enim
524 4049 673 4104 illam
699 4051 876 4104 Graeci
902 4050 1262 4122 appellavere,

238 4129 330 4210 qui
356 4147 483 4184 cum
512 4129 817 4184 Alexandro
840 4129 1037 4202 Magno
1061 4147 1121 4183 ea
1142 4129 1263 4182 loca

1352 795 1675 860 lustrarunt3
1707 808 1766 848 nt
1795 795 2047 868 Europtsi
2087 809 2248 868 caput
2286 796 2380 848 Vi-

1351 874 1501 941 ride,
1529 875 1572 927 le
1592 894 1683 944 cap
1720 869 1858 928 Vere.
1891 876 1961 928 Et
1990 876 2066 929 sic
2094 881 2235 929 certe
2257 877 2385 929 vir-

1352 955 1513 1025 gilius
1531 953 1815 1008 Prasianen
1833 955 2108 1020 intellexit,
2125 957 2384 1027 quoniam

1350 1051 1521 1105 grace
1567 1033 1771 1104 πράσιος
1821 1035 1998 1087 viridis
2038 1047 2134 1088 est.
2174 1033 2385 1090 Auctor

1353 1114 1588 1172 Plinius,
1613 1113 1706 1167 lib.
1730 1114 1842 1178 VI,
1863 1131 1981 1187 cap.
2011 1115 2080 1167 23
2102 1130 2117 1166 e
2147 1113 2378 1180 «Indus,

1351 1193 1556 1264 inquit,
1597 1192 1652 1245 in
1681 1195 1809 1263 jugo
1840 1192 2061 1246 Caucasi
2093 1193 2316 1246 montis.
2336 1231 2380 1248 .-

1352 1270 1602 1325 adversus
1641 1273 1766 1325 solis
1807 1286 1990 1325 ortum
2039 1272 2236 1326 effusus
2253 1310 2270 1338 ‚
2290 1311 2304 1324 .
2328 1308 2345 1326 .
2362 1313 2378 1327 .

1352 1353 1727 1422 amplissimam
1740 1352 1966 1405 insulam
1980 1351 2240 1413 efficiens.
2257 1369 2380 1422 quai

1351 1430 1636 1484 Passurus
1662 1431 2008 1486 nominatur:
2040 1431 2260 1484 alteram
2283 1432 2383 1484 mi·

1352 1529 1540 1563 norem
1560 1548 1578 1575 ,
1611 1529 1730 1582 quas
1761 1511 1956 1564 Patale.
1981 1535 2006 1558 ι
2057 1511 2180 1563 Non
2215 1511 2384 1580 igitur

1351 1588 1632 1643 exornavit
1684 1589 1920 1661 epitheto
1945 1623 1963 1650 ,
2021 1587 2116 1642 sed
2163 1590 2383 1644 nomine

1351 1669 1584 1740 proprio
1609 1666 1910 1740 designavit
1937 1667 2202 1739 Virgilius
2234 1670 2382 1722 insu·
2423 1662 2432 1672 ’

1349 1748 1455 1800 lam
1468 1789 1485 1813 ,
1503 1767 1669 1820 quum
1689 1748 1906 1801 Vir-idem
1923 1749 2198 1818 AEgypeum
2219 1746 2382 1802 dixit:

1350 1845 1518 1900 quum
1540 1828 1610 1883 sit
1629 1828 1802 1899 reipsa
1821 1829 1996 1881 viridis
2016 1828 2172 1880 insula
2187 1828 2350 1880 latine
2363 1865 2382 1893 ‚

1350 1925 1520 1978 grace
1553 1908 1832 1978 Πρασιανῆ.
1879 1907 2090 1962 Idcirco
2116 1907 2260 1960 enim
2299 1909 2381 1959 vi·

1352 1987 1502 2039 ridens
1527 1987 1810 2057 AEgyptum
1842 2000 1997 2041 acute
2035 1999 2198 2058 atque
2231 1987 2382 2056 inge·

1350 2067 1503 2119 niose
1547 2063 1749 2119 Pellam
1773 2067 2030 2139 opponit,
2058 2064 2203 2137 quod
2242 2065 2382 2118 hanc

1352 2143 1521 2198 Indus
1559 2144 1839 2210 fecundat,
1875 2159 1935 2200 nt
1979 2145 2133 2199 Delta
2174 2145 2330 2198 Nilus
2361 2162 2376 2196 :

1353 2235 1408 2277 et
1450 2223 1598 2296 quod
1645 2224 1795 2278 fuere
1836 2224 1969 2277 olim
2011 2237 2214 2296 septem
2255 2221 2382 2276 Indi

1353 2305 1522 2357 amnis
1547 2304 1682 2356 alvei
1701 2343 1717 2369 ,
1743 2317 1804 2358 ut
1829 2304 1938 2358 Nili
1967 2323 1980 2358 :
2015 2304 2256 2376 quamvis
2279 2322 2380 2374 op-

1350 2383 1485 2454 pleti
1531 2383 1661 2435 limo
1708 2385 1889 2454 plures
1938 2383 2171 2437 fortassis
2219 2381 2381 2436 hodie

1352 2474 1481 2515 sunt
1508 2503 1525 2527 ,
1588 2461 2042 2534 quemadmodum
2107 2463 2384 2533 ipsiusmet

1353 2541 1464 2594 Nili
1491 2541 1625 2594 ostia
1650 2542 1738 2594 vix
1760 2539 1923 2595 hodie
1943 2543 2044 2596 tris
2064 2554 2382 2613 supersunt:

1353 2620 1586 2692 deniqne
1620 2621 1748 2691 qnia
1773 2640 2042 2695 papyrum
2085 2619 2284 2681 Indus,
2321 2631 2382 2672 ut

1353 2700 1540 2764 Nilus,
1568 2699 1902 2772 suppeditat:
1934 2719 2004 2754 ex
2032 2719 2138 2771 qua
2171 2726 2195 2748 ι
2213 2717 2383 2772 papy-

1352 2797 1518 2832 raceae
1542 2797 1703 2833 naves
1717 2819 1736 2844 ‚
1764 2793 1816 2834 et
1838 2793 2164 2834 armamenta
2189 2779 2344 2832 Nili.
2362 2815 2382 2844 ,

1350 2860 1455 2912 hoc
1495 2871 1602 2924 est,
1627 2860 1848 2920 Niliacis
1885 2861 2077 2914 similia
2107 2857 2382 2931 quondam

1353 2939 1572 3002 fierent,
1603 2951 1734 2994 teste
1758 2938 1948 2992 eodem
1977 2939 2182 3003 Plinio,
2209 2956 2255 2990 c.
2286 2943 2379 3000 ²4·

1354 3015 1516 3071 Adde
1538 3019 1694 3071 etiam
1717 3019 1932 3072 Patalen
1954 3019 2180 3072 insulam
2193 3056 2210 3081 ,
2228 3017 2381 3070 alveo

1354 3096 1671 3167 disjunctam
1715 3117 1743 3150 a
1789 3097 2074 3162 Prasiane,
2110 3124 2133 3145 ι
2161 3097 2215 3148 in
2255 3096 2382 3168 ipsis

1354 3176 1596 3229 faucibus
1622 3176 1773 3243 Indi,
1796 3194 2115 3240 'ramum-ns
2152 3177 2324 3246 figura
2352 3201 2377 3223 ι

1356 3273 1465 3308 esse
1487 3294 1503 3319 ,
1541 3255 1880 3328 ejusdemque
1914 3257 2168 3309 Prasiana
2190 3257 2350 3324 gentis
2361 3293 2379 3320 ,

1356 3347 1416 3387 nt
1450 3332 1592 3387 idem
1631 3333 1803 3388 docet.
1843 3333 2004 3388 Unde
2030 3325 2132 3404 (ut
2161 3333 2384 3405 quidem

1354 3414 1520 3467 refert
1544 3415 1826 3479 Arrianus,
1850 3432 1880 3466 a
1902 3414 2060 3466 nobis
2085 3403 2384 3481 laudatus),

1354 3493 1427 3546 ob
1477 3493 1876 3547 similitudinem
1917 3492 2156 3565 AEgyptii
2196 3492 2380 3556 Delta,

1356 3572 1443 3624 cni
1483 3572 1848 3643 magnitudine
1895 3591 1993 3644 par
2045 3585 2122 3624 est
2141 3610 2158 3636 ,
2205 3571 2385 3625 Patale

1352 3651 1616 3722 appellata
1645 3664 1724 3705 est
1743 3690 1760 3716 ,
1793 3651 1897 3705 hoc
1935 3663 2039 3713 est,
2075 3651 2260 3714 Delta,
2290 3653 2383 3703 In·

1352 3729 1550 3785 dorum
1589 3731 1786 3802 lingua.
1828 3730 1952 3784 Non
1981 3730 2160 3802 potuit
2188 3730 2386 3801 igitur,

1354 3823 1414 3864 nt
1440 3811 1700 3864 Prasiana
1723 3810 1894 3883 gentis
1921 3810 2118 3863 insulas
2142 3809 2385 3878 designa-

1352 3903 1462 3956 ret,
1493 3908 1622 3961 ques
1640 3889 1806 3944 Indus
1829 3889 2023 3954 efficit,
2047 3889 2122 3942 uti
2145 3889 2384 3943 feliciore

1353 3970 1703 4024 translatione
1760 3981 1856 4023 aut
1909 3967 2384 4022 circumlocutione

1354 4061 1498 4103 vates
1519 4087 1538 4115 ,
1581 4067 1744 4120 quam
1783 4047 1830 4101 si
1867 4049 2072 4101 viridem
2105 4049 2384 4118 AEgypmm

1352 4126 1557 4182 diceret
1594 4146 1610 4183 ε
1663 4129 1950 4199 inanesque
1999 4127 2068 4182 de
2110 4129 2215 4182 hoc
2263 4127 2384 4179 loco
