<?xml version="1.0" encoding="UTF-8"?>
<!DOCTYPE html PUBLIC "-//W3C//DTD XHTML 1.0 Transitional//EN"
    "http://www.w3.org/TR/xhtml1/DTD/xhtml1-transitional.dtd">
<html xmlns="http://www.w3.org/1999/xhtml" xml:lang="en" lang="en">
 <head>
  <title>
</title>
<meta http-equiv="Content-Type" content="text/html;charset=utf-8" />
  <meta name='ocr-system' content='tesseract 3.04.00' />
  <meta name='ocr-capabilities' content='ocr_page ocr_carea ocr_par ocr_line ocrx_word'/>
</head>
<body>
  <div class='ocr_page' id='page_1' title='image "./caiipliniisecun06plingoog_0925.png"; bbox 0 0 2950 5017; ppageno 0'>
   <div class='ocr_carea' id='block_1_1' title="bbox 540 416 2498 629">
    <p class='ocr_par' dir='ltr' id='par_1_1' title="bbox 540 416 2498 629">
     <span class='ocr_line' id='line_1_1' title="bbox 540 416 1800 508; baseline -0.001 -26"><span class='ocrx_word' id='word_1_1' title='bbox 540 416 687 508; x_wconf 70' lang='lat'>904</span> <span class='ocrx_word' id='word_1_2' title='bbox 1427 434 1800 482; x_wconf 58' lang='lat' dir='ltr'>‘unumu-</span> 
     </span>
     <span class='ocr_line' id='line_1_2' title="bbox 540 529 2498 629; baseline -0.001 -24"><span class='ocrx_word' id='word_1_3' title='bbox 540 539 877 605; x_wconf 81' lang='lat' dir='ltr'>Excursus</span> <span class='ocrx_word' id='word_1_4' title='bbox 915 533 1227 604; x_wconf 87' lang='lat' dir='ltr'><strong>XXVIII</strong></span> <span class='ocrx_word' id='word_1_5' title='bbox 1260 529 1346 600; x_wconf 80' lang='lat' dir='ltr'>ad</span> <span class='ocrx_word' id='word_1_6' title='bbox 1386 557 1465 602; x_wconf 83' lang='lat' dir='ltr'>ea</span> <span class='ocrx_word' id='word_1_7' title='bbox 1497 534 1704 628; x_wconf 57' lang='lat' dir='ltr'>¹Plinii</span> <span class='ocrx_word' id='word_1_8' title='bbox 1745 533 1982 618; x_wconf 82' lang='lat' dir='ltr'>verba,</span> <span class='ocrx_word' id='word_1_9' title='bbox 2024 530 2144 603; x_wconf 92' lang='lat' dir='ltr'>lib.</span> <span class='ocrx_word' id='word_1_10' title='bbox 2174 537 2310 622; x_wconf 90' lang='lat' dir='ltr'>VI,</span> <span class='ocrx_word' id='word_1_11' title='bbox 2351 559 2498 629; x_wconf 69' lang='lat' dir='ltr'>oep.</span> 
     </span>
    </p>
   </div>
   <div class='ocr_carea' id='block_1_2' title="bbox 530 645 2744 1650">
    <p class='ocr_par' dir='ltr' id='par_1_2' title="bbox 530 645 2697 975">
     <span class='ocr_line' id='line_1_3' title="bbox 640 645 2494 744; baseline -0.001 -22"><span class='ocrx_word' id='word_1_12' title='bbox 640 653 733 722; x_wconf 89' lang='grc'>28</span> <span class='ocrx_word' id='word_1_13' title='bbox 750 703 772 738; x_wconf 93' lang='grc'>,</span> <span class='ocrx_word' id='word_1_14' title='bbox 810 673 963 744; x_wconf 82' lang='lat' dir='ltr'>pag.</span> <span class='ocrx_word' id='word_1_15' title='bbox 992 645 1125 720; x_wconf 83' lang='lat'>681</span> <span class='ocrx_word' id='word_1_16' title='bbox 1154 673 1171 716; x_wconf 77' lang='grc' dir='ltr'><strong><em>ε</em></strong></span> <span class='ocrx_word' id='word_1_17' title='bbox 1206 675 1241 712; x_wconf 76' lang='grc' dir='ltr'><strong>α</strong></span> <span class='ocrx_word' id='word_1_18' title='bbox 1266 649 1689 720; x_wconf 80' lang='lat' dir='ltr'><strong>Onesicritus</strong></span> <span class='ocrx_word' id='word_1_19' title='bbox 1716 663 1785 718; x_wconf 89' lang='lat' dir='ltr'>et</span> <span class='ocrx_word' id='word_1_20' title='bbox 1809 649 2162 721; x_wconf 81' lang='lat' dir='ltr'><strong>Nearchus</strong></span> <span class='ocrx_word' id='word_1_21' title='bbox 2191 651 2278 720; x_wconf 83' lang='lat' dir='ltr'>ab</span> <span class='ocrx_word' id='word_1_22' title='bbox 2317 651 2494 722; x_wconf 90' lang='lat' dir='ltr'>Indo</span> 
     </span>
     <span class='ocr_line' id='line_1_4' title="bbox 530 761 2697 860; baseline 0.001 -27"><span class='ocrx_word' id='word_1_23' title='bbox 530 777 535 784; x_wconf 79' lang='grc'><em>’</em></span> <span class='ocrx_word' id='word_1_24' title='bbox 638 787 835 833; x_wconf 86' lang='lat' dir='ltr'>amne</span> <span class='ocrx_word' id='word_1_25' title='bbox 866 763 937 832; x_wconf 91' lang='lat' dir='ltr'>in</span> <span class='ocrx_word' id='word_1_26' title='bbox 976 761 1201 834; x_wconf 87' lang='lat' dir='ltr'>sinum</span> <span class='ocrx_word' id='word_1_27' title='bbox 1238 763 1624 851; x_wconf 85' lang='lat' dir='ltr'>Persicum,</span> <span class='ocrx_word' id='word_1_28' title='bbox 1653 777 1760 834; x_wconf 89' lang='lat' dir='ltr'>etc</span> <span class='ocrx_word' id='word_1_29' title='bbox 1765 793 2486 836; x_wconf 77' lang='lat'><strong>...............</strong></span> <span class='ocrx_word' id='word_1_30' title='bbox 2551 763 2697 860; x_wconf 81' lang='lat'>873</span> 
     </span>
     <span class='ocr_line' id='line_1_5' title="bbox 540 877 2498 975; baseline -0.001 -25"><span class='ocrx_word' id='word_1_31' title='bbox 540 885 879 950; x_wconf 77' lang='lat' dir='ltr'>Excursus</span> <span class='ocrx_word' id='word_1_32' title='bbox 913 879 1153 950; x_wconf 87' lang='lat' dir='ltr'><strong>XXIX</strong></span> <span class='ocrx_word' id='word_1_33' title='bbox 1204 878 1293 947; x_wconf 80' lang='lat' dir='ltr'>ad</span> <span class='ocrx_word' id='word_1_34' title='bbox 1348 903 1433 948; x_wconf 83' lang='lat' dir='ltr'>ea</span> <span class='ocrx_word' id='word_1_35' title='bbox 1481 879 1682 950; x_wconf 85' lang='lat' dir='ltr'>Plinii</span> <span class='ocrx_word' id='word_1_36' title='bbox 1717 878 1965 966; x_wconf 79' lang='lat' dir='ltr'>verba,</span> <span class='ocrx_word' id='word_1_37' title='bbox 2001 877 2119 949; x_wconf 82' lang='lat' dir='ltr'>lib.</span> <span class='ocrx_word' id='word_1_38' title='bbox 2159 882 2300 960; x_wconf 82' lang='lat' dir='ltr'>VI,</span> <span class='ocrx_word' id='word_1_39' title='bbox 2345 905 2498 975; x_wconf 74' lang='lat' dir='ltr'>cap.</span> 
     </span>
    </p>

    <p class='ocr_par' dir='ltr' id='par_1_3' title="bbox 640 990 2744 1090">
     <span class='ocr_line' id='line_1_6' title="bbox 640 990 2744 1090; baseline -0.002 -24"><span class='ocrx_word' id='word_1_40' title='bbox 640 992 730 1066; x_wconf 86' lang='grc'>32</span> <span class='ocrx_word' id='word_1_41' title='bbox 757 1046 777 1081; x_wconf 96' lang='grc'>,</span> <span class='ocrx_word' id='word_1_42' title='bbox 821 996 971 1086; x_wconf 69' lang='grc' dir='ltr'>ραςζ</span> <span class='ocrx_word' id='word_1_43' title='bbox 1008 990 1152 1088; x_wconf 79' lang='grc'>713</span> <span class='ocrx_word' id='word_1_44' title='bbox 1194 1017 1211 1060; x_wconf 89' lang='lat'>:</span> <span class='ocrx_word' id='word_1_45' title='bbox 1265 991 1556 1062; x_wconf 71' lang='lat' dir='ltr'>«Insula</span> <span class='ocrx_word' id='word_1_46' title='bbox 1608 993 1676 1064; x_wconf 91' lang='lat' dir='ltr'>in</span> <span class='ocrx_word' id='word_1_47' title='bbox 1725 993 1865 1063; x_wconf 88' lang='lat' dir='ltr'>alto</span> <span class='ocrx_word' id='word_1_48' title='bbox 1905 993 2176 1088; x_wconf 79' lang='lat' dir='ltr'>objacet</span> <span class='ocrx_word' id='word_1_49' title='bbox 2221 994 2501 1090; x_wconf 82' lang='lat' dir='ltr'>Ogyris,</span> <span class='ocrx_word' id='word_1_50' title='bbox 2733 1077 2744 1085; x_wconf 90' lang='lat'>.</span> 
     </span>
    </p>

    <p class='ocr_par' dir='ltr' id='par_1_4' title="bbox 539 1105 2704 1309">
     <span class='ocr_line' id='line_1_7' title="bbox 637 1105 2704 1204; baseline -0 -27"><span class='ocrx_word' id='word_1_51' title='bbox 637 1107 815 1177; x_wconf 81' lang='lat' dir='ltr'>clara</span> <span class='ocrx_word' id='word_1_52' title='bbox 857 1105 1150 1202; x_wconf 86' lang='lat' dir='ltr'>Erythra</span> <span class='ocrx_word' id='word_1_53' title='bbox 1204 1129 1359 1200; x_wconf 87' lang='lat' dir='ltr'>rege</span> <span class='ocrx_word' id='word_1_54' title='bbox 1402 1107 1498 1176; x_wconf 89' lang='lat' dir='ltr'>ibi</span> <span class='ocrx_word' id='word_1_55' title='bbox 1551 1106 1816 1203; x_wconf 72' lang='lat' dir='ltr'>sepulto</span> <span class='ocrx_word' id='word_1_56' title='bbox 1839 1160 1860 1195; x_wconf 89' lang='lat'>‚</span> <span class='ocrx_word' id='word_1_57' title='bbox 1889 1121 2018 1178; x_wconf 92' lang='lat' dir='ltr'>etc.</span> <span class='ocrx_word' id='word_1_58' title='bbox 2047 1137 2084 1174; x_wconf 69' lang='lat' dir='ltr'>n</span> <span class='ocrx_word' id='word_1_59' title='bbox 2124 1160 2142 1177; x_wconf 92' lang='lat'>.</span> <span class='ocrx_word' id='word_1_60' title='bbox 2172 1158 2485 1192; x_wconf 55' lang='lat'><strong>.......</strong></span> <span class='ocrx_word' id='word_1_61' title='bbox 2555 1105 2704 1204; x_wconf 88' lang='lat'>876</span> 
     </span>
     <span class='ocr_line' id='line_1_8' title="bbox 539 1218 2502 1309; baseline 0 -17"><span class='ocrx_word' id='word_1_62' title='bbox 539 1225 876 1292; x_wconf 79' lang='lat' dir='ltr'>Excursus</span> <span class='ocrx_word' id='word_1_63' title='bbox 908 1223 1117 1293; x_wconf 86' lang='lat' dir='ltr'>XXX</span> <span class='ocrx_word' id='word_1_64' title='bbox 1157 1219 1245 1290; x_wconf 78' lang='lat' dir='ltr'>ad</span> <span class='ocrx_word' id='word_1_65' title='bbox 1280 1245 1359 1290; x_wconf 80' lang='lat' dir='ltr'>ea</span> <span class='ocrx_word' id='word_1_66' title='bbox 1396 1218 1600 1292; x_wconf 87' lang='lat' dir='ltr'>Plinii</span> <span class='ocrx_word' id='word_1_67' title='bbox 1635 1221 1878 1308; x_wconf 82' lang='lat' dir='ltr'>verba,</span> <span class='ocrx_word' id='word_1_68' title='bbox 1917 1218 2035 1292; x_wconf 89' lang='lat' dir='ltr'>lib.</span> <span class='ocrx_word' id='word_1_69' title='bbox 2072 1225 2173 1292; x_wconf 86' lang='lat' dir='ltr'>VI</span> <span class='ocrx_word' id='word_1_70' title='bbox 2189 1272 2212 1304; x_wconf 88' lang='lat'>,</span> <span class='ocrx_word' id='word_1_71' title='bbox 2251 1243 2314 1292; x_wconf 83' lang='lat' dir='ltr'>e.</span> <span class='ocrx_word' id='word_1_72' title='bbox 2359 1219 2454 1292; x_wconf 85' lang='lat'>33</span> <span class='ocrx_word' id='word_1_73' title='bbox 2477 1275 2502 1309; x_wconf 83' lang='lat'>‚</span> 
     </span>
    </p>

    <p class='ocr_par' dir='ltr' id='par_1_5' title="bbox 640 1334 2508 1432">
     <span class='ocr_line' id='line_1_9' title="bbox 640 1334 2508 1432; baseline -0.001 -26"><span class='ocrx_word' id='word_1_74' title='bbox 640 1359 707 1430; x_wconf 83' lang='lat' dir='ltr'>p.</span> <span class='ocrx_word' id='word_1_75' title='bbox 730 1359 893 1432; x_wconf 77' lang='grc'>721,</span> <span class='ocrx_word' id='word_1_76' title='bbox 919 1359 1055 1431; x_wconf 89' lang='grc'>722</span> <span class='ocrx_word' id='word_1_77' title='bbox 1086 1361 1103 1404; x_wconf 87' lang='lat'>:</span> <span class='ocrx_word' id='word_1_78' title='bbox 1138 1363 1173 1399; x_wconf 74' lang='grc' dir='ltr'><em>α</em></span> <span class='ocrx_word' id='word_1_79' title='bbox 1196 1335 1664 1408; x_wconf 82' lang='lat' dir='ltr'>Timosthenes</span> <span class='ocrx_word' id='word_1_80' title='bbox 1707 1349 1928 1406; x_wconf 87' lang='lat' dir='ltr'>totum</span> <span class='ocrx_word' id='word_1_81' title='bbox 1965 1337 2192 1406; x_wconf 83' lang='lat' dir='ltr'>sinum</span> <span class='ocrx_word' id='word_1_82' title='bbox 2221 1334 2508 1430; x_wconf 80' lang='lat' dir='ltr'>(Arabi-</span> 
     </span>
    </p>

    <p class='ocr_par' dir='ltr' id='par_1_6' title="bbox 542 1432 2696 1650">
     <span class='ocr_line' id='line_1_10' title="bbox 636 1432 2696 1546; baseline 0 -26"><span class='ocrx_word' id='word_1_83' title='bbox 636 1432 841 1546; x_wconf 85' lang='lat' dir='ltr'>cum)</span> <span class='ocrx_word' id='word_1_84' title='bbox 879 1447 1223 1544; x_wconf 83' lang='lat' dir='ltr'>quatridui</span> <span class='ocrx_word' id='word_1_85' title='bbox 1248 1449 1676 1543; x_wconf 64' lang='lat' dir='ltr'>navigatione</span> <span class='ocrx_word' id='word_1_86' title='bbox 1697 1501 1718 1536; x_wconf 87' lang='lat'>,</span> <span class='ocrx_word' id='word_1_87' title='bbox 1749 1463 1858 1518; x_wconf 87' lang='lat' dir='ltr'>ete</span> <span class='ocrx_word' id='word_1_88' title='bbox 1862 1477 2486 1520; x_wconf 77' lang='grc'><strong>.............</strong></span> <span class='ocrx_word' id='word_1_89' title='bbox 2551 1449 2696 1544; x_wconf 88' lang='lat'>877</span> 
     </span>
     <span class='ocr_line' id='line_1_11' title="bbox 542 1560 2506 1650; baseline 0 -16"><span class='ocrx_word' id='word_1_90' title='bbox 542 1569 883 1635; x_wconf 81' lang='lat' dir='ltr'>Excursus</span> <span class='ocrx_word' id='word_1_91' title='bbox 912 1565 1155 1634; x_wconf 83' lang='lat' dir='ltr'><strong>XXXI</strong></span> <span class='ocrx_word' id='word_1_92' title='bbox 1196 1561 1285 1632; x_wconf 84' lang='lat' dir='ltr'>ad</span> <span class='ocrx_word' id='word_1_93' title='bbox 1324 1587 1404 1632; x_wconf 85' lang='lat' dir='ltr'>ea</span> <span class='ocrx_word' id='word_1_94' title='bbox 1445 1561 1648 1632; x_wconf 90' lang='lat' dir='ltr'>Plinii</span> <span class='ocrx_word' id='word_1_95' title='bbox 1683 1563 1886 1633; x_wconf 83' lang='lat' dir='ltr'>verba</span> <span class='ocrx_word' id='word_1_96' title='bbox 1909 1616 1930 1649; x_wconf 90' lang='lat'>,</span> <span class='ocrx_word' id='word_1_97' title='bbox 1965 1560 2085 1634; x_wconf 92' lang='lat' dir='ltr'>lib.</span> <span class='ocrx_word' id='word_1_98' title='bbox 2115 1567 2252 1650; x_wconf 94' lang='lat' dir='ltr'>VI,</span> <span class='ocrx_word' id='word_1_99' title='bbox 2279 1589 2341 1634; x_wconf 88' lang='lat' dir='ltr'>c.</span> <span class='ocrx_word' id='word_1_100' title='bbox 2375 1563 2506 1650; x_wconf 74' lang='grc'>34,</span> 
     </span>
    </p>
   </div>
   <div class='ocr_carea' id='block_1_3' title="bbox 636 1676 2510 1775">
    <p class='ocr_par' dir='ltr' id='par_1_7' title="bbox 636 1676 2510 1775">
     <span class='ocr_line' id='line_1_12' title="bbox 636 1676 2510 1775; baseline 0.001 -28"><span class='ocrx_word' id='word_1_101' title='bbox 636 1705 793 1775; x_wconf 77' lang='lat' dir='ltr'>pag.</span> <span class='ocrx_word' id='word_1_102' title='bbox 840 1701 1013 1775; x_wconf 89' lang='grc'>727,</span> <span class='ocrx_word' id='word_1_103' title='bbox 1050 1676 1240 1774; x_wconf 65' lang='grc'>7283</span> <span class='ocrx_word' id='word_1_104' title='bbox 1300 1679 1445 1746; x_wconf 73' lang='lat' dir='ltr'>«Et</span> <span class='ocrx_word' id='word_1_105' title='bbox 1501 1679 1768 1748; x_wconf 80' lang='lat' dir='ltr'>tertiam</span> <span class='ocrx_word' id='word_1_106' title='bbox 1831 1676 2302 1772; x_wconf 78' lang='lat' dir='ltr'>(Berenicen),</span> <span class='ocrx_word' id='word_1_107' title='bbox 2355 1703 2510 1774; x_wconf 80' lang='lat' dir='ltr'>quae</span> 
     </span>
    </p>
   </div>
   <div class='ocr_carea' id='block_1_4' title="bbox 544 1790 2704 2116">
    <p class='ocr_par' dir='ltr' id='par_1_8' title="bbox 544 1790 2704 2116">
     <span class='ocr_line' id='line_1_13' title="bbox 638 1790 2704 1889; baseline -0.001 -23"><span class='ocrx_word' id='word_1_108' title='bbox 638 1793 951 1889; x_wconf 86' lang='lat' dir='ltr'>Epidires</span> <span class='ocrx_word' id='word_1_109' title='bbox 984 1791 1488 1886; x_wconf 82' lang='lat' dir='ltr'>(cognominata</span> <span class='ocrx_word' id='word_1_110' title='bbox 1517 1790 1684 1888; x_wconf 68' lang='lat' dir='ltr'>est),</span> <span class='ocrx_word' id='word_1_111' title='bbox 1711 1807 1818 1862; x_wconf 88' lang='lat' dir='ltr'>etc</span> <span class='ocrx_word' id='word_1_112' title='bbox 1821 1821 2500 1864; x_wconf 78' lang='lat'><strong>..............</strong></span> <span class='ocrx_word' id='word_1_113' title='bbox 2559 1793 2704 1889; x_wconf 86' lang='lat'>879</span> 
     </span>
     <span class='ocr_line' id='line_1_14' title="bbox 544 1903 2507 2000; baseline -0.001 -23"><span class='ocrx_word' id='word_1_114' title='bbox 544 1911 883 1978; x_wconf 82' lang='lat' dir='ltr'>Excursus</span> <span class='ocrx_word' id='word_1_115' title='bbox 916 1906 1192 1974; x_wconf 84' lang='lat' dir='ltr'><strong>XXXII</strong></span> <span class='ocrx_word' id='word_1_116' title='bbox 1232 1903 1319 1973; x_wconf 79' lang='lat' dir='ltr'>ad</span> <span class='ocrx_word' id='word_1_117' title='bbox 1359 1927 1437 1974; x_wconf 83' lang='lat' dir='ltr'>ea</span> <span class='ocrx_word' id='word_1_118' title='bbox 1478 1903 1686 1976; x_wconf 86' lang='lat' dir='ltr'>Plinii</span> <span class='ocrx_word' id='word_1_119' title='bbox 1734 1905 1972 1992; x_wconf 85' lang='lat' dir='ltr'>verba,</span> <span class='ocrx_word' id='word_1_120' title='bbox 2009 1903 2125 1975; x_wconf 89' lang='lat' dir='ltr'>lib.</span> <span class='ocrx_word' id='word_1_121' title='bbox 2165 1908 2266 1976; x_wconf 93' lang='lat' dir='ltr'>VI</span> <span class='ocrx_word' id='word_1_122' title='bbox 2295 1959 2318 1994; x_wconf 87' lang='lat'>‚</span> <span class='ocrx_word' id='word_1_123' title='bbox 2357 1930 2507 2000; x_wconf 80' lang='lat' dir='ltr'>cap.</span> 
     </span>
     <span class='ocr_line' id='line_1_15' title="bbox 644 2015 2508 2116; baseline -0.002 -24"><span class='ocrx_word' id='word_1_124' title='bbox 644 2021 763 2107; x_wconf 76' lang='grc'>34,</span> <span class='ocrx_word' id='word_1_125' title='bbox 800 2043 953 2116; x_wconf 79' lang='lat' dir='ltr'>pag.</span> <span class='ocrx_word' id='word_1_126' title='bbox 992 2041 1137 2114; x_wconf 88' lang='grc'>729</span> <span class='ocrx_word' id='word_1_127' title='bbox 1168 2039 1185 2086; x_wconf 74' lang='lat'>2</span> <span class='ocrx_word' id='word_1_128' title='bbox 1223 2045 1259 2082; x_wconf 74' lang='grc' dir='ltr'><strong>α</strong></span> <span class='ocrx_word' id='word_1_129' title='bbox 1285 2015 1640 2112; x_wconf 83' lang='lat' dir='ltr'>Oppidum</span> <span class='ocrx_word' id='word_1_130' title='bbox 1673 2017 2000 2089; x_wconf 84' lang='lat' dir='ltr'>Aduliton</span> <span class='ocrx_word' id='word_1_131' title='bbox 2026 2070 2196 2088; x_wconf 91' lang='grc'><strong>.....</strong></span> <span class='ocrx_word' id='word_1_132' title='bbox 2237 2019 2429 2090; x_wconf 84' lang='lat' dir='ltr'>abest</span> <span class='ocrx_word' id='word_1_133' title='bbox 2467 2045 2508 2088; x_wconf 78' lang='lat' dir='ltr'><strong>a</strong></span> 
     </span>
    </p>
   </div>
   <div class='ocr_carea' id='block_1_5' title="bbox 640 2131 2692 2227">
    <p class='ocr_par' dir='ltr' id='par_1_9' title="bbox 640 2131 2692 2227">
     <span class='ocr_line' id='line_1_16' title="bbox 640 2131 2692 2227; baseline -0.002 -21"><span class='ocrx_word' id='word_1_134' title='bbox 640 2133 1051 2208; x_wconf 77' lang='lat' dir='ltr'>Ptolemaide</span> <span class='ocrx_word' id='word_1_135' title='bbox 1083 2133 1382 2226; x_wconf 88' lang='lat' dir='ltr'>quinque</span> <span class='ocrx_word' id='word_1_136' title='bbox 1410 2131 1678 2202; x_wconf 84' lang='lat' dir='ltr'>dierum</span> <span class='ocrx_word' id='word_1_137' title='bbox 1713 2132 2165 2227; x_wconf 84' lang='lat' dir='ltr'>navigatione,</span> <span class='ocrx_word' id='word_1_138' title='bbox 2193 2149 2323 2204; x_wconf 87' lang='lat' dir='ltr'>etc.</span> <span class='ocrx_word' id='word_1_139' title='bbox 2353 2163 2392 2200; x_wconf 68' lang='lat' dir='ltr'>n</span> <span class='ocrx_word' id='word_1_140' title='bbox 2423 2187 2442 2204; x_wconf 88' lang='lat'>.</span> <span class='ocrx_word' id='word_1_141' title='bbox 2473 2185 2491 2200; x_wconf 95' lang='lat'>.</span> <span class='ocrx_word' id='word_1_142' title='bbox 2557 2131 2692 2204; x_wconf 84' lang='lat'>881</span> 
     </span>
    </p>
   </div>
   <div class='ocr_carea' id='block_1_6' title="bbox 388 2245 2504 2342">
    <p class='ocr_par' dir='ltr' id='par_1_10' title="bbox 388 2245 2504 2342">
     <span class='ocr_line' id='line_1_17' title="bbox 388 2245 2504 2342; baseline 0 -21"><span class='ocrx_word' id='word_1_143' title='bbox 388 2287 394 2292; x_wconf 85' lang='lat'><strong>·</strong></span> <span class='ocrx_word' id='word_1_144' title='bbox 544 2255 884 2321; x_wconf 83' lang='lat' dir='ltr'>Excursus</span> <span class='ocrx_word' id='word_1_145' title='bbox 914 2250 1226 2317; x_wconf 86' lang='lat' dir='ltr'><strong>XXXIII</strong></span> <span class='ocrx_word' id='word_1_146' title='bbox 1264 2245 1349 2315; x_wconf 88' lang='lat' dir='ltr'>de</span> <span class='ocrx_word' id='word_1_147' title='bbox 1398 2247 1844 2342; x_wconf 85' lang='lat' dir='ltr'>Hesperidum</span> <span class='ocrx_word' id='word_1_148' title='bbox 1883 2262 1953 2318; x_wconf 87' lang='lat' dir='ltr'>et</span> <span class='ocrx_word' id='word_1_149' title='bbox 1991 2247 2076 2318; x_wconf 91' lang='lat' dir='ltr'>de</span> <span class='ocrx_word' id='word_1_150' title='bbox 2111 2250 2504 2320; x_wconf 78' lang='lat' dir='ltr'>Fommatis</span> 
     </span>
    </p>
   </div>
   <div class='ocr_carea' id='block_1_7' title="bbox 546 2362 2702 3728">
    <p class='ocr_par' dir='ltr' id='par_1_11' title="bbox 546 2362 2697 2574">
     <span class='ocr_line' id='line_1_18' title="bbox 638 2362 2697 2436; baseline 0.001 -4"><span class='ocrx_word' id='word_1_151' title='bbox 638 2362 873 2433; x_wconf 75' lang='lat' dir='ltr'>insulis</span> <span class='ocrx_word' id='word_1_152' title='bbox 888 2411 2486 2436; x_wconf 79' lang='lat'><strong>.................................</strong></span> <span class='ocrx_word' id='word_1_153' title='bbox 2552 2363 2697 2434; x_wconf 85' lang='lat'>883</span> 
     </span>
     <span class='ocr_line' id='line_1_19' title="bbox 546 2472 2507 2574; baseline -0.001 -24"><span class='ocrx_word' id='word_1_154' title='bbox 546 2485 881 2552; x_wconf 84' lang='lat' dir='ltr'>Excursus</span> <span class='ocrx_word' id='word_1_155' title='bbox 924 2477 1231 2546; x_wconf 89' lang='lat' dir='ltr'><strong>XXXIV</strong></span> <span class='ocrx_word' id='word_1_156' title='bbox 1268 2472 1355 2544; x_wconf 83' lang='lat' dir='ltr'>ad</span> <span class='ocrx_word' id='word_1_157' title='bbox 1390 2499 1467 2544; x_wconf 85' lang='lat' dir='ltr'>ea</span> <span class='ocrx_word' id='word_1_158' title='bbox 1505 2474 1714 2545; x_wconf 86' lang='lat' dir='ltr'>Plinii</span> <span class='ocrx_word' id='word_1_159' title='bbox 1745 2476 1950 2546; x_wconf 83' lang='lat' dir='ltr'>verba</span> <span class='ocrx_word' id='word_1_160' title='bbox 1973 2530 1994 2566; x_wconf 93' lang='lat'>,</span> <span class='ocrx_word' id='word_1_161' title='bbox 2033 2476 2148 2548; x_wconf 92' lang='lat' dir='ltr'>lib.</span> <span class='ocrx_word' id='word_1_162' title='bbox 2178 2479 2310 2564; x_wconf 90' lang='lat' dir='ltr'>VI,</span> <span class='ocrx_word' id='word_1_163' title='bbox 2359 2503 2507 2574; x_wconf 80' lang='lat' dir='ltr'>cap.</span> 
     </span>
    </p>

    <p class='ocr_par' dir='ltr' id='par_1_12' title="bbox 642 2587 2674 2689">
     <span class='ocr_line' id='line_1_20' title="bbox 642 2587 2674 2689; baseline -0.003 -21"><span class='ocrx_word' id='word_1_164' title='bbox 642 2593 773 2682; x_wconf 83' lang='lat'>38,</span> <span class='ocrx_word' id='word_1_165' title='bbox 802 2615 959 2689; x_wconf 82' lang='lat' dir='ltr'>pag.</span> <span class='ocrx_word' id='word_1_166' title='bbox 995 2587 1175 2686; x_wconf 86' lang='lat'>753,</span> <span class='ocrx_word' id='word_1_167' title='bbox 1214 2587 1393 2686; x_wconf 71' lang='lat'>754:</span> <span class='ocrx_word' id='word_1_168' title='bbox 1446 2587 1824 2686; x_wconf 75' lang='lat' dir='ltr'>«Polybius</span> <span class='ocrx_word' id='word_1_169' title='bbox 1863 2617 1902 2661; x_wconf 86' lang='lat' dir='ltr'>a</span> <span class='ocrx_word' id='word_1_170' title='bbox 1949 2592 2294 2664; x_wconf 78' lang='lat' dir='ltr'>Gaditano</span> <span class='ocrx_word' id='word_1_171' title='bbox 2335 2592 2510 2664; x_wconf 83' lang='lat' dir='ltr'>freto</span> <span class='ocrx_word' id='word_1_172' title='bbox 2663 2631 2674 2640; x_wconf 85' lang='lat'><strong>·</strong></span> 
     </span>
    </p>

    <p class='ocr_par' dir='ltr' id='par_1_13' title="bbox 648 2699 2506 2803">
     <span class='ocr_line' id='line_1_21' title="bbox 648 2699 2506 2803; baseline -0.002 -24"><span class='ocrx_word' id='word_1_173' title='bbox 648 2705 1213 2803; x_wconf 85' lang='lat' dir='ltr'>longitudinem...</span> <span class='ocrx_word' id='word_1_174' title='bbox 1252 2699 1339 2774; x_wconf 88' lang='lat' dir='ltr'>ad</span> <span class='ocrx_word' id='word_1_175' title='bbox 1376 2705 1708 2778; x_wconf 84' lang='lat' dir='ltr'>orientem</span> <span class='ocrx_word' id='word_1_176' title='bbox 1745 2719 1934 2776; x_wconf 85' lang='lat' dir='ltr'>recto</span> <span class='ocrx_word' id='word_1_177' title='bbox 1971 2729 2174 2776; x_wconf 81' lang='lat' dir='ltr'>cursu</span> <span class='ocrx_word' id='word_1_178' title='bbox 2209 2707 2506 2778; x_wconf 87' lang='lat' dir='ltr'>Siciliam</span> 
     </span>
    </p>

    <p class='ocr_par' dir='ltr' id='par_1_14' title="bbox 546 2819 2702 3024">
     <span class='ocr_line' id='line_1_22' title="bbox 644 2819 2702 2919; baseline -0.002 -21"><span class='ocrx_word' id='word_1_179' title='bbox 644 2823 739 2898; x_wconf 65' lang='grc' dir='ltr'>ια’-ι</span> <span class='ocrx_word' id='word_1_180' title='bbox 778 2849 871 2894; x_wconf 73' lang='lat' dir='ltr'>nx</span> <span class='ocrx_word' id='word_1_181' title='bbox 904 2819 1072 2890; x_wconf 89' lang='lat' dir='ltr'>mill.</span> <span class='ocrx_word' id='word_1_182' title='bbox 1117 2843 1162 2889; x_wconf 85' lang='lat' dir='ltr'>n</span> <span class='ocrx_word' id='word_1_183' title='bbox 1206 2843 1563 2912; x_wconf 81' lang='lat' dir='ltr'>passuum,</span> <span class='ocrx_word' id='word_1_184' title='bbox 1597 2833 1704 2890; x_wconf 80' lang='lat' dir='ltr'>etc</span> <span class='ocrx_word' id='word_1_185' title='bbox 1705 2849 2490 2892; x_wconf 79' lang='lat'>................</span> <span class='ocrx_word' id='word_1_186' title='bbox 2557 2821 2702 2919; x_wconf 83' lang='lat'>889</span> 
     </span>
     <span class='ocr_line' id='line_1_23' title="bbox 546 2931 2506 3024; baseline -0.002 -12"><span class='ocrx_word' id='word_1_187' title='bbox 546 2945 881 3012; x_wconf 73' lang='lat' dir='ltr'>Excursus</span> <span class='ocrx_word' id='word_1_188' title='bbox 910 2936 1179 3006; x_wconf 86' lang='lat' dir='ltr'><strong>XXXV</strong></span> <span class='ocrx_word' id='word_1_189' title='bbox 1218 2932 1305 3005; x_wconf 76' lang='lat' dir='ltr'>ad</span> <span class='ocrx_word' id='word_1_190' title='bbox 1340 2957 1417 3002; x_wconf 81' lang='lat' dir='ltr'>ea</span> <span class='ocrx_word' id='word_1_191' title='bbox 1461 2932 1664 3003; x_wconf 90' lang='lat' dir='ltr'>Plinii</span> <span class='ocrx_word' id='word_1_192' title='bbox 1698 2933 1936 3022; x_wconf 85' lang='lat' dir='ltr'>verba,</span> <span class='ocrx_word' id='word_1_193' title='bbox 1964 2931 2082 3004; x_wconf 90' lang='lat' dir='ltr'>lib.</span> <span class='ocrx_word' id='word_1_194' title='bbox 2113 2938 2248 3023; x_wconf 85' lang='lat' dir='ltr'>VI,</span> <span class='ocrx_word' id='word_1_195' title='bbox 2285 2961 2343 3006; x_wconf 87' lang='lat' dir='ltr'>c.</span> <span class='ocrx_word' id='word_1_196' title='bbox 2385 2934 2506 3024; x_wconf 85' lang='lat'>38,</span> 
     </span>
    </p>

    <p class='ocr_par' dir='ltr' id='par_1_15' title="bbox 648 3047 2508 3152">
     <span class='ocr_line' id='line_1_24' title="bbox 648 3047 2508 3152; baseline -0.001 -31"><span class='ocrx_word' id='word_1_197' title='bbox 648 3081 798 3152; x_wconf 83' lang='lat' dir='ltr'>pag.</span> <span class='ocrx_word' id='word_1_198' title='bbox 828 3049 971 3150; x_wconf 78' lang='grc'>754</span> <span class='ocrx_word' id='word_1_199' title='bbox 998 3075 1016 3120; x_wconf 88' lang='lat'>:</span> <span class='ocrx_word' id='word_1_200' title='bbox 1054 3078 1091 3115; x_wconf 79' lang='grc' dir='ltr'><strong>α</strong></span> <span class='ocrx_word' id='word_1_201' title='bbox 1116 3049 1419 3143; x_wconf 84' lang='lat' dir='ltr'>Agrippa</span> <span class='ocrx_word' id='word_1_202' title='bbox 1452 3047 1584 3118; x_wconf 91' lang='lat' dir='ltr'>hoc</span> <span class='ocrx_word' id='word_1_203' title='bbox 1613 3047 1791 3118; x_wconf 89' lang='lat' dir='ltr'>idem</span> <span class='ocrx_word' id='word_1_204' title='bbox 1811 3047 2238 3120; x_wconf 82' lang='lat' dir='ltr'>intervallum</span> <span class='ocrx_word' id='word_1_205' title='bbox 2265 3073 2306 3120; x_wconf 82' lang='lat' dir='ltr'><strong>a</strong></span> <span class='ocrx_word' id='word_1_206' title='bbox 2335 3051 2508 3122; x_wconf 81' lang='lat' dir='ltr'>freto</span> 
     </span>
    </p>

    <p class='ocr_par' dir='ltr' id='par_1_16' title="bbox 644 3163 2504 3261">
     <span class='ocr_line' id='line_1_25' title="bbox 644 3163 2504 3261; baseline -0.003 -21"><span class='ocrx_word' id='word_1_207' title='bbox 644 3169 983 3240; x_wconf 83' lang='lat' dir='ltr'>Gaditano</span> <span class='ocrx_word' id='word_1_208' title='bbox 1012 3163 1101 3233; x_wconf 82' lang='lat' dir='ltr'>ad</span> <span class='ocrx_word' id='word_1_209' title='bbox 1138 3163 1359 3246; x_wconf 68' lang='lat' dir='ltr'>sinum</span> <span class='ocrx_word' id='word_1_210' title='bbox 1397 3163 1680 3232; x_wconf 81' lang='lat' dir='ltr'>Issicum</span> <span class='ocrx_word' id='word_1_211' title='bbox 1713 3187 1834 3258; x_wconf 87' lang='lat' dir='ltr'>per</span> <span class='ocrx_word' id='word_1_212' title='bbox 1870 3163 2362 3261; x_wconf 86' lang='lat' dir='ltr'>longitudinem</span> <span class='ocrx_word' id='word_1_213' title='bbox 2399 3166 2504 3236; x_wconf 86' lang='lat' dir='ltr'>di·</span> 
     </span>
    </p>

    <p class='ocr_par' dir='ltr' id='par_1_17' title="bbox 552 3274 2699 3492">
     <span class='ocr_line' id='line_1_26' title="bbox 648 3274 2699 3378; baseline -0.001 -24"><span class='ocrx_word' id='word_1_214' title='bbox 648 3299 897 3354; x_wconf 79' lang='lat' dir='ltr'>rectam</span> <span class='ocrx_word' id='word_1_215' title='bbox 936 3309 1129 3352; x_wconf 81' lang='lat' dir='ltr'>xxx1v</span> <span class='ocrx_word' id='word_1_216' title='bbox 1170 3301 1259 3347; x_wconf 78' lang='lat' dir='ltr'>Lx</span> <span class='ocrx_word' id='word_1_217' title='bbox 1301 3274 1463 3346; x_wconf 91' lang='lat' dir='ltr'>mill.</span> <span class='ocrx_word' id='word_1_218' title='bbox 1510 3302 1685 3372; x_wconf 86' lang='lat' dir='ltr'>pass.</span> <span class='ocrx_word' id='word_1_219' title='bbox 1731 3293 1948 3365; x_wconf 80' lang='lat' dir='ltr'>taxat,</span> <span class='ocrx_word' id='word_1_220' title='bbox 1989 3293 2096 3349; x_wconf 89' lang='lat' dir='ltr'>etc</span> <span class='ocrx_word' id='word_1_221' title='bbox 2103 3307 2488 3352; x_wconf 77' lang='lat'>........</span> <span class='ocrx_word' id='word_1_222' title='bbox 2555 3280 2699 3378; x_wconf 89' lang='grc'>899</span> 
     </span>
     <span class='ocr_line' id='line_1_27' title="bbox 552 3391 2498 3492; baseline -0.003 -19"><span class='ocrx_word' id='word_1_223' title='bbox 552 3405 891 3472; x_wconf 81' lang='lat' dir='ltr'>Excursus</span> <span class='ocrx_word' id='word_1_224' title='bbox 926 3395 1232 3465; x_wconf 85' lang='lat' dir='ltr'><strong>XXXVI</strong></span> <span class='ocrx_word' id='word_1_225' title='bbox 1275 3391 1361 3462; x_wconf 86' lang='lat' dir='ltr'>ad</span> <span class='ocrx_word' id='word_1_226' title='bbox 1396 3416 1477 3462; x_wconf 85' lang='lat' dir='ltr'>ea</span> <span class='ocrx_word' id='word_1_227' title='bbox 1514 3391 1718 3462; x_wconf 89' lang='lat' dir='ltr'>Plinii</span> <span class='ocrx_word' id='word_1_228' title='bbox 1755 3395 2000 3482; x_wconf 78' lang='lat' dir='ltr'>verba,</span> <span class='ocrx_word' id='word_1_229' title='bbox 2030 3393 2150 3464; x_wconf 88' lang='lat' dir='ltr'>lib.</span> <span class='ocrx_word' id='word_1_230' title='bbox 2179 3399 2323 3484; x_wconf 90' lang='lat' dir='ltr'>VI,</span> <span class='ocrx_word' id='word_1_231' title='bbox 2349 3421 2498 3492; x_wconf 84' lang='lat' dir='ltr'>cap.</span> 
     </span>
    </p>

    <p class='ocr_par' dir='ltr' id='par_1_18' title="bbox 650 3505 2506 3613">
     <span class='ocr_line' id='line_1_28' title="bbox 650 3505 2506 3613; baseline 0.001 -33"><span class='ocrx_word' id='word_1_232' title='bbox 650 3517 777 3613; x_wconf 84' lang='lat'>39,</span> <span class='ocrx_word' id='word_1_233' title='bbox 816 3535 972 3610; x_wconf 80' lang='lat' dir='ltr'>pag.</span> <span class='ocrx_word' id='word_1_234' title='bbox 1010 3505 1201 3605; x_wconf 86' lang='lat'><strong>756:</strong></span> <span class='ocrx_word' id='word_1_235' title='bbox 1239 3537 1275 3571; x_wconf 75' lang='grc' dir='ltr'>α</span> <span class='ocrx_word' id='word_1_236' title='bbox 1300 3509 1425 3577; x_wconf 82' lang='lat' dir='ltr'>His</span> <span class='ocrx_word' id='word_1_237' title='bbox 1478 3507 1803 3580; x_wconf 78' lang='lat' dir='ltr'>addemus</span> <span class='ocrx_word' id='word_1_238' title='bbox 1862 3510 2236 3580; x_wconf 81' lang='lat' dir='ltr'>etiamnum</span> <span class='ocrx_word' id='word_1_239' title='bbox 2297 3537 2506 3582; x_wconf 77' lang='lat' dir='ltr'>unam</span> 
     </span>
    </p>

    <p class='ocr_par' dir='ltr' id='par_1_19' title="bbox 646 3622 2698 3728">
     <span class='ocr_line' id='line_1_29' title="bbox 646 3622 2698 3728; baseline -0.001 -32"><span class='ocrx_word' id='word_1_240' title='bbox 646 3653 875 3728; x_wconf 80' lang='lat' dir='ltr'>graecae</span> <span class='ocrx_word' id='word_1_241' title='bbox 910 3622 1315 3698; x_wconf 86' lang='lat' dir='ltr'>inventionis</span> <span class='ocrx_word' id='word_1_242' title='bbox 1352 3623 1748 3694; x_wconf 84' lang='lat' dir='ltr'>sententiam</span> <span class='ocrx_word' id='word_1_243' title='bbox 1769 3677 1790 3710; x_wconf 89' lang='lat'>,</span> <span class='ocrx_word' id='word_1_244' title='bbox 1817 3639 1944 3695; x_wconf 88' lang='lat' dir='ltr'>etc.</span> <span class='ocrx_word' id='word_1_245' title='bbox 1973 3655 2008 3690; x_wconf 68' lang='lat' dir='ltr'>n</span> <span class='ocrx_word' id='word_1_246' title='bbox 2021 3676 2482 3698; x_wconf 87' lang='lat'>..........</span> <span class='ocrx_word' id='word_1_247' title='bbox 2547 3649 2698 3723; x_wconf 90' lang='lat'>90⁰</span> 
     </span>
    </p>
   </div>
   <div class='ocr_carea' id='block_1_8' title="bbox 936 3275 1139 3290">
    <p class='ocr_par' dir='ltr' id='par_1_20' title="bbox 936 3275 1139 3290">
     <span class='ocr_line' id='line_1_30' title="bbox 936 3275 1139 3290; baseline 0 0"><span class='ocrx_word' id='word_1_248' title='bbox 936 3275 1139 3290; x_wconf 95' lang='lat' dir='ltr'> </span> 
     </span>
    </p>
   </div>
   <div class='ocr_carea' id='block_1_9' title="bbox 995 3891 2259 3942">
    <p class='ocr_par' dir='ltr' id='par_1_21' title="bbox 995 3891 2259 3942">
     <span class='ocr_line' id='line_1_31' title="bbox 995 3891 2259 3942; baseline -0.002 0"><span class='ocrx_word' id='word_1_249' title='bbox 995 3893 1181 3942; x_wconf 69' lang='lat' dir='ltr'>runs</span> <span class='ocrx_word' id='word_1_250' title='bbox 1230 3891 1532 3939; x_wconf 60' lang='lat' dir='ltr'>suenum</span> <span class='ocrx_word' id='word_1_251' title='bbox 1583 3893 1972 3942; x_wconf 75' lang='lat' dir='ltr'>voummls</span> <span class='ocrx_word' id='word_1_252' title='bbox 2021 3894 2259 3942; x_wconf 62' lang='lat' dir='ltr'>numi.</span> 
     </span>
    </p>
   </div>
  </div>
 </body>
</html>
