2950 5017
478 461 627 534 682

1008 466 1086 532 C.
1142 467 1465 536 PLINII
1523 464 1732 536 NAT.
1791 467 2033 534 HIST.

474 593 822 688 superficie
878 617 1061 663 casas
1119 609 1417 690 tegentes
1436 649 1454 677 ‚
1505 620 1706 666 carne
1757 583 2117 666 vescent‘es.
2167 599 2224 665 A
2245 593 2296 621 ²⁰
2341 598 2616 670 flumine

472 701 638 769 Arbi
674 701 1267 795 promontorium²¹
1288 705 1508 799 ipsum
1536 703 1944 791 inhabitant,
1973 716 2212 797 praeter
2232 705 2456 798 capita
2469 719 2618 792 toto

474 831 757 902 corpore
796 807 990 894 hirti,
1026 809 1350 905 coriisque
1376 810 1656 905 piscium
1689 811 1926 878 vestiti.
1955 799 2208 901 (xxv.)
2233 809 2340 878 Ab
2364 810 2612 880 horum

472 927 689 983 tractu
706 912 967 982 Indiam
992 939 1220 984 versus
1236 913 1696 986 Caicandrus²²
1710 915 1964 984 deserta
1983 913 2196 984 insula
2217 916 2286 984 in
2303 917 2582 986 Oceano
2595 972 2618 1002 ‚

473 1043 515 1087 L
542 1017 700 1087 mill.
732 1043 1045 1113 passuum
1081 1022 1399 1091 traditur:
1427 1022 1748 1116 juxtaque
1790 1044 1936 1090 eam
1975 1020 2146 1091 freto
2190 1022 2618 1094 interfluente

402 1141 433 1200 4
468 1125 709 1194 Stoidis
723 1111 771 1150 ²³
788 1179 809 1212 ‚
833 1139 1207 1220 quaestuosa
1226 1129 1616 1222 margaritis.
1641 1133 1696 1196 A
1712 1115 1764 1158 ²⁴
1785 1129 2245 1221 promontorio
2259 1131 2618 1199 Carmanis

462 1231 843 1325 junguntur
871 1236 1202 1302 Armozei.
1223 1235 1518 1324 Quidam
1549 1235 1981 1327 interponunt
2014 1233 2256 1304 Arbios
2274 1287 2295 1320 ‚
2315 1257 2554 1306 ccccn
2567 1221 2618 1260 ²⁵

466 1335 672 1408 millia
705 1362 1017 1432 passuum
1034 1353 1175 1409 toto
1201 1340 1439 1410 littore.
1470 1342 1574 1410 Ibi
1602 1352 1834 1434 portus
1860 1339 2343 1426 Macedonum,
2380 1355 2451 1410 et
2479 1365 2616 1410 arae

464 1441 821 1514 Alexandri
852 1445 921 1514 in
954 1448 1439 1540 promontorio.
1491 1451 1737 1516 Amnes
1769 1473 1785 1513 ε
1816 1448 2109 1541 Saganos
2124 1432 2176 1472 ²⁶
2211 1474 2226 1514 :
2269 1446 2427 1515 dein
2469 1449 2617 1516 Da·

465 1623 885 1696 Agatharchides
942 1625 1092 1699 apud
1158 1627 1315 1680 Phot.
1368 1624 1492 1680 coel.

471 1705 613 1769 250,
638 1723 758 1776 pag.
795 1705 964 1775 1349.
992 1705 1171 1758 Hmn.

550 1803 637 1836 20.
660 1784 715 1836 A
728 1785 937 1854 flumine
966 1786 1113 1838 Arbi.
1138 1784 1324 1839 chiffl.
1347 1805 1378 1837 a
1389 1787 1498 1856 flu-

470 1867 593 1916 mine
614 1865 794 1917 Arabi.
824 1864 1079 1917 Diversus
1103 1865 1189 1918 hic
1214 1865 1374 1918 Arbis
1398 1864 1497 1918 flu-

462 1946 583 1996 vius
602 1955 679 1996 est
698 1943 767 1996 ab
784 1945 981 1997 Arabio
1002 1945 1277 1997 Ptolemaei
1291 1981 1307 2002 .
1330 1963 1492 2016 quem

334 2075 351 2092 ,
464 2037 519 2076 et
544 2023 845 2094 Cophetem
869 2036 921 2076 et
942 2023 1134 2076 Arbim
1160 2042 1375 2096 quoque
1396 2043 1495 2094 ap·-

464 2103 652 2174 pellari
689 2103 931 2174 superius
956 2100 1219 2166 diximus,
1243 2121 1361 2174 cap.
1402 2104 1491 2156 25.

466 2184 518 2235 Is
539 2181 684 2234 enim
700 2181 970 2236 Gedrosos
990 2183 1147 2236 alluit
1170 2195 1221 2234 et
1242 2183 1299 2235 in
1322 2183 1494 2236 Ocea-

465 2279 600 2314 num
639 2261 893 2315 Indicum
925 2262 1001 2315 ibi
1043 2261 1309 2315 delabitur
1343 2281 1359 2315 :
1404 2264 1494 2316 hic

460 2343 609 2412 juxta
640 2339 817 2411 ipsum
850 2342 1146 2395 Carmania
1173 2355 1490 2413 promonto-

467 2421 609 2474 rium
634 2419 820 2474 effluit.
845 2419 1025 2474 Huni).

550 2519 577 2552 2
592 2517 615 2552 1
630 2535 643 2551 .
674 2501 1061 2554 promontorium
1082 2504 1254 2570 ipsum.
1279 2501 1496 2554 Carma-

464 2580 569 2632 nia
613 2577 749 2631 illud
789 2581 1251 2650 promontorium,
1285 2577 1353 2633 de
1384 2599 1494 2651 quo

464 2676 579 2730 cap.
608 2661 701 2711 26.
725 2660 791 2712 In
816 2660 933 2731 ipso
964 2660 1083 2714 sinu
1108 2660 1317 2714 Persico
1339 2660 1496 2713 habi·

465 2750 577 2792 tare
614 2737 771 2803 istos,
813 2752 1001 2792 auctor
1036 2751 1117 2792 est
1154 2740 1327 2805 Mela,
1372 2741 1494 2793 loco

464 2817 557 2871 cit.
589 2817 870 2871 Salmasius
904 2818 959 2871 in
996 2819 1164 2873 Solin.
1197 2838 1310 2891 pag.
1345 2822 1490 2889 1189

464 2907 516 2950 et
553 2915 576 2948 1
594 2915 701 2966 190
720 2936 735 2962 ,
766 2911 827 2951 ut
864 2898 1043 2952 Plinio
1072 2899 1245 2951 varios
1258 2899 1496 2970 ‘affingat

465 2994 674 3030 errores
692 3015 707 3041 ‚
740 2989 915 3030 totum
942 2979 1087 3030 hunc
1114 2979 1330 3042 locum,
1360 2979 1497 3030 invi·

466 3056 535 3109 tis
584 3056 734 3111 MSS.
788 3057 1041 3111 omnibus
1061 3095 1077 3122 ‚
1124 3076 1225 3128 pro
1270 3058 1494 3110 arbitrio

466 3136 733 3190 immutat.
761 3135 945 3191 Hann-

552 3233 645 3269 υ.
696 3215 1013 3270 Caioandrus.
1060 3217 1331 3269 Hactenus
1369 3235 1494 3288 per-

466 3313 649 3366 peram
681 3295 1004 3349 Casoandrm.
1036 3297 1164 3350 Vet.
1198 3315 1283 3366 ap.
1315 3297 1492 3350 Dalec.

466 3373 833 3427 Socaicandros.
878 3375 1136 3429 Arrianus
1173 3377 1231 3428 in
1262 3373 1494 3439 Indicis,

466 3471 588 3525 pag.
618 3455 725 3511 581
762 3473 775 3508 :
818 3457 923 3526 Πρὸ
962 3455 1111 3512 νήσου
1154 3459 1360 3526 σμικρῆς
1406 3455 1492 3509 καὶ

466 3533 664 3603 ἐρήμης.
690 3535 895 3602 Οὕνομσ.
917 3541 977 3604 τῇ
1000 3535 1131 3605 νήσῳ
1154 3532 1489 3606 Καδιανδρος.

466 3612 647 3668 Han.
671 3627 723 3666 et
748 3615 855 3666 En.

547 3693 637 3746 23.
691 3692 891 3748 Stoidis.
940 3693 1301 3748 Consentiunt
1364 3693 1489 3747 libri

466 3770 593 3824 editi
618 3791 739 3827 cum
768 3773 923 3827 MSS.
954 3775 1081 3842 Reg.
1128 3795 1145 3826 ι
1165 3811 1183 3838 ,
1226 3793 1289 3838 a,
1332 3774 1490 3828 Colb.

474 3869 497 3902 1
517 3888 535 3915 ,
566 3871 595 3904 ιι
612 3889 629 3916 ,
654 3851 814 3905 Paris.
840 3865 940 3906 etc.
966 3852 1196 3905 Plinium
1222 3853 1491 3924 scripsisse

464 3928 685 4001 'I'yndin
712 3965 729 3990 ‚
791 3950 891 3984 nec
960 3931 1188 4002 proinde
1254 3951 1490 4002 gracum

464 4010 780 4082 scriptorem
814 4011 1130 4066 intellexisse
1151 4049 1167 4074 ‚
1205 4011 1351 4065 unde
1376 4013 1488 4066 hac

460 4091 730 4156 hauserit,
762 4107 823 4144 ex
859 4104 1073 4145 auctore
1104 4089 1302 4161 Peripli
1332 4093 1489 4146 maris

1579 1625 1878 1696 Erythraei,
1921 1623 2196 1679 contendit
2223 1625 2514 1678 Salmasius
2558 1625 2618 1679 in

1581 1705 1750 1759 Solin.
1793 1724 1914 1779 pag.
1957 1723 1980 1758 1
1999 1723 2099 1774 191
2127 1744 2144 1769 ‚
2186 1724 2358 1777 quum
2405 1704 2622 1777 Tyndis

1580 1785 1830 1839 Indicum
1872 1784 2178 1856 emporium
2225 1785 2292 1837 sit
2313 1825 2331 1849 ‚
2381 1784 2618 1838 insulam

1581 1865 1786 1919 Plinius
1806 1865 2105 1936 appellarit.
2125 1865 2191 1917 At
2215 1882 2316 1936 ego
2337 1862 2408 1918 de
2429 1864 2616 1936 Tyndi

1583 1947 1666 1998 vel
1721 1945 2007 1998 somniasse
2055 1943 2292 1996 Plinium
2330 1962 2573 2015 pernego
2597 1963 2616 1996 ε

1580 2024 1733 2094 quod
1767 2044 1963 2077 nomen
2001 2023 2220 2088 insulae,
2249 2024 2456 2077 ceteris
2481 2023 2619 2078 scri-

1579 2105 1823 2175 ptoribus
1843 2105 2268 2172 incompertum,
2289 2101 2616 2174 prodiderit,

1579 2183 1762 2238 laudo.
1795 2183 2068 2246 salmasii,
2091 2183 2182 2254 qui
2208 2195 2268 2234 ut
2291 2183 2618 2238 calumniam

1580 2277 1724 2318 texat
1736 2303 1750 2326 ,
1778 2264 1941 2318 verba
1957 2281 2046 2316 sen
2055 2262 2355 2332 tentiasque
2371 2281 2619 2316 corrum-

1581 2343 1692 2414 pit,
1717 2341 1879 2396 fidem
1907 2341 2140 2414 requiro.
2175 2342 2430 2395 Meminit
2455 2342 2620 2413 hujus

1582 2423 1768 2476 insulae
1802 2422 2096 2486 Arrianus,
2129 2422 2237 2475 loc.
2261 2422 2355 2474 eit.
2389 2419 2484 2476 sed
2511 2439 2612 2474 no·

1583 2520 1708 2556 men
1732 2503 1940 2555 reticet.
1965 2503 2149 2556 Han.

1667 2601 1694 2634 α
1705 2588 1763 2645 4.
1781 2583 1836 2635 Α
1847 2585 2193 2651 promontorio.
2212 2581 2341 2633 Post
2357 2597 2618 2651 promon-

1581 2661 1778 2714 torium
1793 2699 1808 2725 ,
1825 2661 2002 2732 inquit
2015 2699 2032 2724 ‚
2057 2660 2310 2713 Armuzia
2329 2659 2488 2730 regio
2509 2672 2616 2725 est,

1581 2759 1698 2810 quae
1723 2741 2018 2794 Carmania
2035 2757 2067 2792 a
2087 2752 2236 2809 tergo
2255 2739 2614 2792 connectitur.

1582 2819 1817 2884 Quidam
1860 2832 2037 2873 tamen
2085 2818 2286 2872 Arbios
2304 2855 2322 2882 ‚
2369 2818 2442 2872 ab
2483 2819 2614 2872 Arbi

1581 2899 1810 2952 flumine
1831 2939 1846 2965 ,
1901 2897 1971 2952 de
2015 2916 2125 2969 quo
2171 2915 2322 2952 nunc
2373 2897 2617 2968 egimus,

1581 2979 1942 3040 interserunt.
1969 2989 2085 3030 toto
2113 2977 2312 3030 littore.
2337 2977 2526 3030 Eun.

1668 3059 1763 3112 25.
1807 3057 2070 3112 CCCCII.
2123 3057 2242 3110 MS.
2291 3058 2430 3127 neg.
2485 3077 2514 3110 a
2559 3071 2616 3110 et

1583 3137 1819 3190 chifflet.
1859 3136 2211 3190 CCCCXXI.
2241 3136 2358 3190 MS.
2389 3139 2525 3207 Reg.
2557 3158 2618 3203 ι,

1581 3215 1707 3271 edit.
1731 3217 1904 3289 princ.
1929 3227 1987 3270 et
2007 3217 2123 3269 Elz.
2147 3215 2480 3269 CCCCXH.
2509 3218 2616 3270 En.

1665 3316 1694 3349 a
1705 3301 1757 3350 6.
1788 3297 2028 3366 Saganos.
2045 3297 2267 3366 Σαγανὸς
2281 3295 2582 3348 Ρῑοίεωιο
2595 3335 2614 3361 ,

1582 3375 1674 3428 lib.
1693 3377 1778 3428 vt
1800 3417 1816 3440 ‚
1847 3395 1962 3446 cap.
1987 3378 2040 3428 8.
2065 3375 2284 3444 Saganis
2301 3376 2618 3440 Ammiano,

1579 3456 1675 3509 lib.
1701 3455 1921 3518 XXIII,
1942 3473 2062 3525 pag.
2087 3453 2228 3507 2552
2249 3455 2308 3506 in
2329 3453 2618 3508 Carmania

1581 3537 1744 3606 Δέρας
1767 3537 1892 3588 item
1907 3535 2194 3586 Ptolemaeo
2209 3551 2224 3587 :
2241 3531 2310 3586 de
2331 3552 2446 3605 qno
2459 3553 2618 3588 amne

1577 3613 1862 3668 dubitandi
1889 3627 2068 3666 tamen
2101 3614 2251 3665 loeus
2285 3625 2368 3666 est
2391 3613 2616 3684 aliquis,

1576 3713 1709 3747 num
1750 3695 1818 3747 ab
1855 3691 2326 3764 interpolatoribus
2359 3692 2622 3746 plinianis

1579 3785 1780 3828 temere
1805 3772 1963 3826 nobis
1987 3773 2240 3826 obtrusus
2267 3772 2340 3824 ait
2371 3790 2479 3842 pro
2511 3771 2620 3826 Co-

1579 3853 1791 3924 ehrapis,
1813 3853 1985 3905 aliove
2015 3851 2180 3906 simili
2203 3868 2218 3902 τ
2247 3850 2452 3904 habent
2465 3851 2616 3906 enim

1580 3933 1730 3985 MSS.
1783 3931 1943 3985 codd.
1979 3933 2108 4002 Reg.
2149 3949 2170 3981 1
2191 3967 2207 3989 ,
2241 3951 2270 3983 a
2295 3969 2312 3994 ‚
2355 3929 2514 3984 colb.
2545 3949 2569 3982 ι
2597 3969 2616 3994 ,

1585 4032 1638 4075 2,
1661 4013 1824 4065 Paris.
1848 4009 2032 4064 Chiffl.
2053 4023 2154 4064 etc.
2171 4009 2366 4062 Deinde
2377 4009 2608 4074 Batiana

1577 4104 1626 4142 et
1649 4093 1858 4146 Salsum.
1883 4090 2067 4144 lhan-
