2950 5017
1030 497 1347 572 LIBER
1401 497 1534 562 VI.

2187 487 2340 584 619

220 651 364 696 eam
364 612 818 696 ⁵Macedones
836 627 1267 722 Mygdoniam
1302 625 1985 722 cognominaverunt,
2014 647 2053 691 a
2070 607 2344 691 ⁶simili-

220 733 473 802 tudine.
485 734 787 828 Oppida.
804 732 1259 818 Alexandria⁷‚
1278 736 1434 804 item
1452 717 1828 802 Antiochia⁸
1832 755 2068 825 ,quam
2085 727 2344 798 Nisibin

218 854 482 909 vocant.
501 839 706 909 Abest
723 841 808 909 ab
822 842 1151 910 Artaxatis
1172 865 1353 911 1)ch
1382 865 1460 910 Μ.
1482 862 1814 936 passuum.
1835 835 2022 907 Fuit⁹
2039 849 2106 904 et
2127 835 2344 903 Ninus

217 947 525 1041 imposita
543 945 593 972 ¹⁰
616 947 833 1042 Tigri,
856 947 940 1015 ad
966 945 1118 1016 solis
1144 971 1452 1017 occasum
1482 960 1786 1040 spectans
1806 999 1825 1032 ,
1853 943 2189 1039 quondam
2214 939 2344 1010 cla-

216 1113 308 1167 rio
330 1111 607 1184 quondam
634 1114 893 1170 attributa
910 1155 926 1183 ,
944 1128 1005 1182 ut
1032 1115 1237 1170 dietum

220 1203 295 1246 est
317 1193 414 1246 lib.
438 1193 513 1258 V,
541 1212 659 1265 cap.
694 1194 783 1248 15.
811 1193 996 1249 Hun.

295 1271 351 1326 5.
389 1273 567 1324 Totam
590 1294 714 1328 eam.
744 1273 1061 1328 Adiabenen
1090 1273 1239 1328 vide-

218 1350 356 1405 licet.
379 1352 565 1406 Haun-

296 1435 352 1485 6.
386 1430 442 1483 A
473 1431 803 1486 similitudine.
830 1431 915 1485 Ad
940 1431 1243 1486 similitudi-

216 1527 339 1563 nem
364 1509 699 1565 Macedonici
726 1513 783 1565 in
822 1513 1038 1584 Europa
1066 1514 1235 1584 impe-

214 1589 322 1656 rii,
365 1587 557 1643 iisdem
592 1591 901 1645 nominibus
938 1593 1239 1663 provincias

218 1668 442 1722 orientis
490 1669 798 1740 signabant,
850 1689 968 1742 quae
1006 1685 1135 1725 nota
1181 1673 1239 1725 in

218 1748 436 1820 Europa
452 1761 619 1802 erant.
640 1753 723 1802 De
744 1749 1111 1822 Mygdonibus
1127 1752 1241 1805 Ma-

214 1825 453 1882 oedonioe
471 1825 674 1882 dictum
699 1843 808 1896 est,
824 1830 917 1884 lib.
945 1826 1046 1895 lv,
1067 1849 1115 1885 c.
1145 1850 1168 1885 1
1182 1851 1235 1903 7.

210 1907 296 1959 De
321 1907 573 1980 Assyriis,
597 1908 808 1978 Strabo,
826 1909 921 1964 lib.
949 1911 1101 1976 XVI,
1116 1931 1238 1984 pag.

216 1992 352 2056 747.
372 1987 559 2042 ΒΑΜ).

292 2087 344 2132 7.
394 2067 723 2121 Alexandria.
774 2069 855 2122 De
907 2069 1010 2123 bac
1064 2070 1238 2123 caeteri

215 2143 500 2214 scriptores
530 2147 704 2200 silent.
746 2147 829 2200 Ibi
868 2147 1119 2216 condita,
1142 2148 1237 2202 ubi

214 2223 436 2276 Darium
475 2223 776 2280 Alexander
810 2227 968 2293 vicit,
1007 2247 1131 2282 sane
1161 2229 1239 2282 vi·

215 2301 397 2358 detur.
422 2305 607 2360 Haun-

292 2385 348 2438 8.
370 2385 657 2438 Antiochia.
679 2385 983 2440 Plutarch.
966 2406 1023 2440 m
1038 2387 1239 2440 Lucul-

210 2461 285 2525 lo,
304 2481 425 2535 pag.
458 2463 611 2528 5'14:
631 2463 853 2531 Νισίὸιν,
880 2469 925 2520 οἱ
959 2462 1013 2518 δ’
1033 2455 1237 2529 mnne

209 2533 501 2610 ,batizans
524 2540 837 2616 Μυγδονικὴν
864 2546 1237 2617 προσηγόριυον.

210 2619 617 2694 Mesopotamia
630 2623 931 2695 Stephanus
956 2624 1235 2679 adscribit·

210 2693 531 2770 lvrio‘ysta..
553 2705 764 2777 ,τοῖττη
794 2703 1233 2774 Μεσοποταμίας,

208 2775 439 2852 Minyeios
442 2801 474 2835 α
506 2785 821 2853 καλουμένη..
843 2824 858 2838 .
897 2785 1003 2846 ἥτις
1048 2783 1235 2840 meten

208 2861 427 2931 λίγιτοιι,
462 2861 549 2914 καὶ
579 2860 795 2924 mateze.
828 2863 1141 2917 Strabonem
1164 2863 1242 2916 vi-

209 2937 413 2993 delicet
439 2955 680 3007 secutus,
703 2942 799 2996 lib.
827 2943 929 3006 XI,
954 2961 1073 3014 pag.
1103 2944 1239 3012 527,

125 3093 130 3097 ¹
209 3030 261 3072 et
284 3019 383 3072 lib.
398 3019 555 3086 XVI,
576 3039 699 3094 pag.
729 3027 864 3093 747.
893 3021 1068 3075 Hodie
1086 3034 1239 3076 vetu-

208 3111 289 3151 sto
311 3099 533 3152 nomine
554 3113 784 3163 servato,
803 3101 1003 3156 Nisibin
1024 3113 1237 3168 vocant,

208 3191 261 3230 et
278 3178 493 3244 Neshae'n,
518 3177 739 3250 insignis
768 3181 900 3235 olim
928 3180 1120 3252 oppidi
1156 3192 1237 3232 te-

206 3253 317 3309 nue
356 3275 501 3310 nunc
529 3259 831 3330 vestigium.
858 3259 1001 3314 Vide
1018 3261 1237 3315 Tavus-

208 3337 543 3390 1uu.Itiner.
570 3339 665 3392 lib.
695 3339 770 3404 ΙΙ,
793 3359 850 3410 p.
886 3358 1017 3410 ¹7²·
1048 3341 1233 3407 Haut).

288 3437 345 3484 9.
372 3415 497 3470 Fuit
516 3429 569 3468 et
586 3418 768 3472 Ninus.
792 3419 929 3484 Qua
950 3432 1004 3474 et
1022 3419 1235 3484 Ninive,

206 3493 489 3550 Herodoto
520 3515 735 3570 quoque
757 3501 925 3560 Νῖνος.
947 3498 1235 3552 Excidium

206 3574 359 3628 urbis
383 3574 556 3646 signat
586 3578 761 3632 obiter
793 3578 997 3632 Plinius
1024 3598 1121 3631 suo
1138 3578 1233 3631 illo

204 3653 455 3708 familiari
480 3657 763 3724 vocabulo,
780 3657 913 3711 Fuit.
936 3659 1235 3712 Instaurata

206 3731 391 3786 denuo
418 3747 597 3788 tamen
616 3776 632 3801 ,
659 3755 983 3809 quamquam
1003 3755 1115 3790 non
1142 3756 1234 3791 eo-

205 3810 331 3864 dem
349 3814 579 3867 fortassis
592 3814 732 3882 loco,
753 3836 864 3888 quo
880 3828 1095 3870 steterat
1120 3819 1233 3889 pri·

206 3909 386 3958 mum,
425 3892 611 3947 floruit
641 3894 917 3949 Ammiani
953 3915 1081 3950 πο.
1115 3923 1138 3945 ι
1170 3898 1234 3949 In

208 3968 503 4037 Adiabena,
526 3973 718 4046 inquit,
742 3975 837 4028 lib.
863 3977 1081 4040 XXIII,
1112 3996 1231 4048 pag.

210 4049 347 4113 351,
380 4051 555 4105 Ninus
591 4065 670 4106 est
709 4054 924 4120 civitas,
956 4074 1074 4126 quar
1106 4056 1232 4108 olim

210 4129 441 4185 Persidis
473 4151 635 4203 regua
666 4133 1001 4204 possederat,
1034 4154 1234 4189 nomen

1322 1116 1451 1170 Nini
1491 1113 1844 1187 potentissimi
1893 1113 2033 1184 regis
2073 1109 2346 1184 quondam

1322 1193 1687 1249 Semiramidis
1717 1193 1930 1258 mariti,
1963 1191 2265 1255 declarans,
2295 1202 2349 1244 et

1320 1275 1543 1332 Arbela,
1576 1287 1630 1326 et
1665 1272 2012 1343 Gaugamela,
2042 1285 2140 1325 etc.
2166 1295 2190 1318 a·
2229 1273 2346 1324 Ste-

1331 1355 1542 1427 phanus
1563 1372 1576 1406 τ
1601 1357 1770 1418 Νῖνος,
1793 1355 1931 1414 πόλις
1954 1344 2222 1422 Ᾰσσιῖρίων,
2251 1350 2323 1402 Η-

1411 1453 1498 1488 10.
1539 1434 1771 1504 Imposita
1808 1433 1968 1502 Tigri.
2017 1429 2345 1491 Herodotus,

1324 1513 1465 1578 Clio,
1491 1512 1585 1566 lib.
1611 1513 1659 1578 Ι,
1680 1531 1832 1566 num.
1862 1529 1985 1577 102,
2013 1523 2066 1564 et
2088 1511 2345 1578 Euterpe,

1322 1591 1420 1647 lib.
1442 1593 1529 1658 11,
1547 1611 1700 1645 num.
1733 1593 1856 1658 150,
1877 1610 1998 1661 pag.
2027 1591 2154 1655 148.
2187 1589 2344 1641 Falli-

1322 1685 1415 1726 tur
1428 1671 1717 1736 Diodorus,
1737 1672 1830 1744 qui
1845 1671 1985 1723 Bibl.
2013 1670 2054 1726 l.
2080 1670 2156 1734 ΙΙ,
2176 1689 2232 1742 p.
2251 1687 2345 1736 92,

1323 1751 1392 1806 ad
1408 1753 1738 1823 Euphratem
1751 1751 1910 1812 locat,
1941 1751 2026 1802 ἰπὶ
2052 1751 2132 1802 τὸν
2151 1751 2347 1818 Εὐφρά-

1322 1853 1411 1889 την
1429 1833 1678 1899 ποταμόν.
1691 1830 1881 1884 Diruta
1910 1847 2054 1881 nunc
2076 1841 2129 1881 et
2148 1828 2345 1881 exhau-

1322 1924 1401 1966 sta
1414 1951 1431 1976 ,
1444 1910 1715 1965 vicinitate
1727 1909 1898 1963 Mosat
1910 1906 2098 1982 oppidi
2117 1907 2174 1960 in
2192 1918 2346 1980 parte

1324 1989 1564 2043 fluminis
1594 1990 1841 2062 opposita
1861 1987 1928 2042 ad
1951 1988 2077 2042 solis
2100 1999 2344 2039 exortum

1324 2067 1549 2134 conditi,
1580 2070 1692 2122 solo
1721 2081 1886 2141 ponte
1917 2064 2258 2132 intermedio,
2287 2079 2349 2119 ut

1323 2149 1488 2220 vulgo
1513 2149 1674 2202 suasit
1693 2149 1971 2218 Benjamin
1992 2148 2027 2200 J
2029 2145 2125 2200 ud.
2159 2171 2182 2192 ι
2199 2147 2348 2198 Inter

1323 2228 1556 2282 Almosal
1597 2241 1650 2282 et
1685 2227 1918 2282 Niniven
1956 2245 2094 2298 pons
2134 2238 2346 2280 tanturn

1326 2305 1614 2360 intercedit
1640 2326 1654 2360 :
1682 2308 1800 2360 haec
1832 2305 2100 2360 devastata
2129 2317 2208 2358 est
2231 2325 2244 2358 :
2276 2318 2350 2358 at-

1324 2399 1503 2440 tamen
1545 2387 1740 2441 multos
1780 2405 1944 2458 pagos
1979 2399 2031 2438 et
2073 2383 2222 2438 vicos
2259 2384 2352 2437 lia-

1320 2465 1429 2520 bet.
1452 2491 1477 2514 ι
1521 2466 1716 2537 Reipsa
1756 2479 1934 2520 tamen
1961 2465 2186 2518 Moussul
2227 2459 2248 2526 (
2276 2464 2350 2517 sic

1322 2545 1465 2600 enim
1489 2546 1844 2602 Tavernerius
1867 2546 2116 2618 appellat,
2141 2545 2235 2598 lib.
2260 2545 2317 2597 11
2333 2583 2348 2608 ‚

1322 2644 1443 2697 pag.
1478 2625 1583 2694 173
1611 2622 1655 2692 )‚
1680 2624 1747 2679 ad
1770 2645 2018 2680 occasum
2041 2624 2218 2696 Tigris
2237 2643 2351 2677 am-

1322 2705 1406 2758 nis
1424 2716 1530 2770 est,
1551 2717 1708 2776 atque
1734 2704 1870 2758 adeo
1895 2705 1991 2757 ubi
2008 2705 2204 2757 Ninive
2221 2703 2351 2756 olim

1325 2782 1445 2838 fuit.
1502 2783 1665 2849 Quod
1717 2785 1924 2839 Plinius
1973 2782 2122 2837 addit
2190 2785 2351 2836 fuisse

1328 2862 1601 2935 quondam
1644 2864 1986 2918 clarissimam
2009 2900 2022 2921 ,
2067 2863 2352 2916 confirmat

1322 2943 1508 3009 Jonas,
1530 2962 1648 3014 cap·
1663 2961 1755 3008 111,
1785 2942 1838 3008 3,
1859 2950 1891 3008 4
1911 2961 1925 2996 :
1951 2970 1972 2990 ι
1996 2942 2192 2996 Ninive
2219 2954 2350 3007 erat,

1325 3022 1535 3096 inquit,
1556 3023 1740 3076 civitas
1755 3040 1942 3094 magna
1962 3023 2158 3075 itinere
2187 3023 2350 3075 trium

1325 3101 1553 3156 dierum.
1579 3103 1646 3155 Et
1669 3102 1830 3172 coepit
1854 3102 2020 3154 Jonas
2041 3102 2264 3155 introire
2295 3101 2352 3154 in

1325 3182 1592 3236 civitatem
1623 3181 1813 3234 itinere
1832 3179 1942 3234 diei
1966 3182 2160 3246 unius,
2187 3194 2288 3234 etc.
2319 3207 2342 3228 ι-

1322 3261 1451 3316 Erat
1476 3261 1670 3314 Ninive
1689 3261 1874 3314 civitas
1904 3279 2125 3332 magna,
2148 3260 2350 3332 inquit,

1323 3343 1475 3412 cujus
1501 3342 1646 3394 vicos
1673 3359 1864 3394 omnes
1890 3358 2167 3411 pererrare
2189 3355 2352 3392 nemo

1320 3433 1499 3492 posset
1538 3420 1640 3474 nisi
1689 3418 1881 3473 itinere
1922 3419 2084 3472 trium
2121 3417 2350 3473 dierum.

1321 3500 1512 3573 Neque
1567 3499 1712 3553 enim
1759 3517 2040 3552 murorum
2089 3499 2352 3551 ambitum

1321 3579 1452 3633 dicit
1492 3598 1603 3632 esse
1648 3579 1841 3631 itinere
1889 3579 2056 3631 trium
2100 3575 2313 3630 dierum
2333 3619 2348 3640 ,

1321 3658 1415 3712 sed
1440 3659 1713 3712 civitatem
1745 3657 1946 3731 ipsam;
1976 3657 2032 3710 in
2054 3676 2213 3729 quam
2237 3677 2352 3710 non

1320 3739 1635 3810 perhibetur
1661 3739 1825 3791 Jonas
1853 3737 2100 3790 introisse
2131 3737 2238 3789 uisi
2263 3737 2352 3789 iti-

1320 3837 1451 3872 nere
1473 3816 1585 3871 diei
1607 3817 1780 3871 unius.
1807 3815 1862 3870 Si
1887 3835 2166 3870 murorum
2187 3817 2354 3870 ambi·

1323 3910 1406 3950 tus
1431 3895 1819 3968 intelligeretur
1850 3897 2012 3950 trium
2040 3895 2251 3948 dierum
2271 3915 2354 3949 es-

1323 3995 1403 4042 se,
1425 3975 1717 4031 diametros
1737 3976 1831 4029 vix
1859 3990 1995 4030 esset
2013 3975 2218 4030 itineris
2240 3973 2354 4028 diei

1324 4057 1516 4122 unius3
1547 4069 1708 4128 atque
1735 4053 1868 4109 adeo
1897 4057 2166 4127 ingressus
2185 4055 2220 4108 J
2222 4073 2352 4106 onas

1324 4155 1420 4206 per
1435 4149 1644 4210 portam
1661 4155 1846 4198 unam,
1873 4151 2226 4204 emensusque
2253 4134 2354 4187 iter
