2950 5017
522 435 665 509 902
1420 437 1780 492 Tantum.

618 541 828 611 octies
864 555 1146 611 centena
1181 541 1427 638 viginti
1464 545 1764 640 quinque
1804 566 1888 614 Η.
1931 539 2217 636 Pytheas
2251 554 2320 608 et
2355 540 2480 614 Isi-

614 655 821 725 dorus
854 654 1135 726 tradunt
1136 689 2461 730 ...........................
2529 653 2672 724 825

516 773 855 842 Excursus
900 775 1003 842 IX
1051 773 1139 842 ad
1174 799 1255 844 ea
1294 773 1500 846 Plinii
1541 775 1776 864 verba,
1816 773 1934 844 lib.
1981 777 2106 857 IV,
2155 795 2305 866 cap.
2347 767 2482 856 30,

616 909 769 980 pag.
808 881 985 973 355,
1028 883 1171 960 356
1199 913 1215 957 ε
1250 916 1285 953 α
1312 889 1616 984 Agrippa
1652 887 2147 984 longitudinem
2171 883 2478 980 (Britan-

622 998 780 1096 niae)
818 1023 996 1071 occe
1030 1023 1112 1070 κ.
1152 1025 1326 1096 pass.
1368 1025 1547 1090 esse,
1598 1015 1726 1072 etc.
1757 1030 1824 1070 ιο.
1857 1051 1876 1069 .
1907 989 1928 1069 .’
1955 1048 2470 1069 ...........
2535 994 2680 1067 826

520 1115 858 1184 Excursus
887 1117 957 1185 X
979 1113 1067 1184 ad
1095 1139 1241 1210 cap.
1272 1113 1403 1202 30,
1442 1113 1558 1186 lib.
1589 1117 1712 1203 IV,
1755 1139 1907 1210 pag.
1937 1109 2247 1186 356-358
2270 1135 2288 1179 :
2315 1139 2350 1176 α
2369 1113 2478 1180 De

618 1226 855 1297 insulis
894 1229 1071 1300 eirca
1110 1229 1528 1300 Britanniam
1563 1244 1634 1300 et
1672 1229 1744 1299 in
1777 1229 2262 1299 Germanicum
2293 1250 2480 1296 mare

620 1342 867 1438 sparsis
872 1371 2466 1417 .................................
2533 1341 2674 1436 827

518 1459 856 1535 Excursus
890 1462 993 1531 XI
1028 1459 1117 1528 ad
1150 1459 1419 1529 initium
1456 1485 1605 1556 cap.
1648 1456 1780 1548 35,
1822 1457 1936 1529 lib.
1967 1417 2092 1547 IV,
2129 1481 2283 1552 pag.
2315 1453 2483 1528 382-

617 1570 811 1658 384·
850 1576 963 1644 «A
999 1573 1223 1644 Durio
1256 1575 1612 1645 Lusitania
1645 1574 1920 1670 incipit,
1949 1586 2058 1643 etc
2063 1601 2465 1642 .........
2533 1567 2676 1640 832

518 1689 856 1758 Excursus
892 1691 1031 1758 XII
1070 1687 1157 1758 ad
1196 1713 1275 1760 ea
1310 1687 1518 1760 Plinii
1559 1689 1803 1778 verba,
1855 1685 1970 1758 lib.
2009 1690 2127 1774 IV,
2161 1709 2314 1780 cap.
2352 1681 2481 1772 35,

618 1825 773 1895 pag.
812 1797 999 1874 385:
1040 1831 1076 1868 α
1104 1801 1214 1876 {H
1256 1827 1337 1874 u.
1378 1829 1552 1900 pass.
1595 1803 1754 1874 inde
1791 1801 1879 1872 ad
1921 1805 2314 1898 Pyrenaeum
2349 1823 2484 1868 me-

618 1912 811 1984 dium
847 1913 1076 2012 colligi
1103 1921 1324 1988 Varro
1364 1917 1641 1988 tradidit
1647 1945 2467 1987 .................
2533 1909 2676 1984 835

524 2031 865 2100 Excursus
898 2034 1069 2101 XIII
1110 2030 1198 2101 ad
1240 2055 1321 2101 ea
1365 2029 1568 2126 Plinii
1607 2031 1846 2118 verba,
1871 2028 1990 2100 lib.
2021 2031 2146 2116 IV,
2154 2051 2330 2212 cap.
2362 2023 2482 2114 35,

620 2165 776 2238 pag.
819 2142 1085 2239 3872«
1050 2143 1419 2240 «Oppidm
1447 2119 1841 2232 Ossonoba,
1872 2141 2138 2215 Balsa.»
2447 2139 2678 2212 8.36

524 2255 862 2342 Excursus
892 2261 1063 2330 XIV
1102 2259 1191 2328 ad
1223 2283 1303 2330 ea
1334 2257 1539 2330 Plinii
1576 2259 1817 2348 verba,
1855 2256 1970 2328 lib.
2001 2259 2125 2345 IV,
2170 2281 2321 2352 cap.
2351 2179 2480 2342 ·?i‚5

622 2393 775 2466 pag.
822 2369 1075 2470 39οεα
1038 2375 1153 2443 «L
1154 2373 1515 2448 usitaniam
1547 2398 1704 2444 cum
1739 2372 2014 2444 Asturia
2050 2385 2121 2440 et
2159 2369 2477 2440 Gallaecia

621 2498 851 2581 patere
892 2485 1316 2583 longitudine
1348 2511 1506 2558 nxL·
1533 2513 1615 2560 Μ.
1649 2511 1970 2585 passuum
1991 2540 2010 2574 ,
2039 2501 2146 2557 etc
2151 2515 2464 2556 .......
2529 2481 2672 2580 837

528 2601 873 2670 Excursus
918 2605 1052 2673 XV
1084 2601 1174 2672 ad
1218 2627 1297 2672 ea
1336 2601 1544 2674 Plinii
1587 2603 1827 2690 verba,
1859 2600 1979 2671 lib.
2013 2605 2137 2689 IV,
2179 2624 2328 2695 cap.
2363 2596 2480 2688 35,

626 2738 778 2810 pag.
820 2713 961 2813 390
996 2741 1014 2785 2
1058 2746 1093 2782 α
1122 2720 1377 2786 Omnae
1428 2731 1656 2786 autem
1707 2716 2082 2811 Hispaniae,
2125 2739 2166 2784 a
2214 2713 2482 2784 duobus

621 2831 920 2925 Pyreuaei
958 2831 1440 2926 promontoriis
1481 2855 1606 2926 per
1641 2832 1888 2919 maria,
1927 2843 2032 2900 etc
2036 2859 2467 2900 .........
2531 2825 2676 2898 838

526 2947 864 3016 Excursus
898 2948 1066 3016 XVI
1100 2947 1187 3016 ad
1234 2971 1314 3016 ea
1354 2944 1560 3018 Plinii
1596 2945 1839 3034 verba,
1874 2943 2144 3032 lib..IV,
2183 2967 2331 3039 oep.
2353 2941 2482 3032 36,

625 3082 785 3154 pag.
831 3056 965 3156 391
1004 3085 1021 3128 :
1073 3089 1109 3127 α
1136 3061 1236 3132 Ab
1293 3061 1471 3131 ostio
1533 3059 1686 3131 freti
1745 3084 2064 3156 passuum
2117 3083 2266 3132 xxv
2313 3055 2480 3130 mill.

620 3171 832 3244 Gadis
835 3203 2468 3248 ..................................
2532 3170 2678 3256 840

528 3293 865 3360 Excursus
901 3295 1103 3362 XVII
1142 3289 1225 3360 de
1258 3289 1477 3361 insula
1514 3291 1732 3380 Gadi,
1764 3316 1912 3386 quae
1947 3303 2014 3360 et
2037 3291 2430 3375 Cotinussa,

624 3406 710 3475 de
738 3406 955 3477 insula
972 3407 1280 3503 Erythia,
1303 3431 1453 3503 quae
1481 3421 1550 3477 et
1563 3406 2035 3502 Aphrodisias,
2063 3419 2134 3476 et
2155 3408 2193 3474 J
2197 3403 2482 3488 unonia,

623 3533 692 3590 et
729 3521 816 3591 de
858 3546 1091 3592 earum
1124 3523 1456 3592 mensuris
1472 3570 2466 3594 .....................
2531 3517 2662 3605 841

526 3639 865 3706 Excursus
889 3640 1128 3709 XVIII
1169 3637 1255 3706 ad
1296 3661 1374 3706 ea
1418 3633 1622 3706 Plinii
1658 3636 1902 3722 verba,
1955 3633 2073 3704 lib.
2104 3636 2193 3722 V,
2231 3658 2377 3731 cap.
2414 3657 2479 3720 1,

624 3773 777 3844 pag.
814 3752 999 3838 401·
1046 3749 1420 3846 «Scipione
1448 3747 1812 3819 AEmiliano
1853 3773 1962 3818 res
1999 3748 2070 3817 in
2107 3746 2334 3817 Africa
2373 3771 2486 3842 ge-

624 3877 854 3953 rente,
894 3863 1209 3960 Polybius
1246 3860 1610 3934 Annalium
1643 3863 1990 3949 conditor,
2020 3877 2214 3932 etc.»
2448 3861 2674 3956 .847

502 3983 864 4052 -Excursus
895 3985 1067 4052 XIX
1104 3979 1192 4051 ad
1242 4005 1321 4052 ea
1372 3978 1578 4052 Plinii
1626 3980 1873 4068 verba,
1914 3977 2029 4048 lib.
2048 3981 2140 4066 V,
2187 4001 2339 4073 cap.
2351 3913 2476 4064 6,
