2950 5017
511 501 550 547 2
1056 480 1132 548 C.
1188 478 1518 547 PLINII
1574 478 1780 547 NAT.
1841 477 2085 547 HIST.

438 620 469 673 3
506 624 622 679 est.
659 611 889 700 Quare
923 611 1015 679 sic
1044 610 1257 705 accipi
1284 608 1486 679 velim
1509 665 1528 698 ‚
1561 625 1638 679 ut
1669 612 1724 679 si
1756 610 1956 680 vidua
1982 610 2160 679 fama
2189 634 2306 680 sua
2337 613 2644 700 nomina,

505 716 724 809 qualia
746 716 929 786 fixere
956 716 1324 811 primordio
1348 732 1506 787 ante
1527 742 1634 787 res
1655 714 1824 787 ullas
1849 732 2066 813 gestas
2085 770 2104 803 ,
2135 734 2644 813 nuncupentur3

505 836 574 891 et
608 824 693 892 sit
738 822 1041 917 quaedam
1081 826 1151 893 in
1198 823 1304 893 his
1341 822 1842 894 nomenclatura
1893 822 2198 918 quidem,
2251 823 2365 893 sed
2411 824 2644 894 mundi

504 952 865 1023 rerumque
906 944 1185 1000 naturae.

609 1036 969 1105 Terrarum
994 1036 1173 1105 orbis
1196 1037 1556 1107 universus
1571 1040 1642 1105 in
1669 1051 1802 1108 tres
1821 1036 2140 1107 dividitur
2163 1050 2408 1133 ρει-ωε,
2436 1038 2644 1106 Euro-

500 1165 690 1235 pam,
716 1142 973 1230 Asiam,
999 1142 1313 1212 Africam.
1348 1130 1604 1239 Origo⁴
1627 1145 1713 1213 ab
1746 1168 1987 1215 occasu
2021 1142 2174 1213 solis
2201 1158 2268 1212 et
2303 1141 2641 1212 Gaditano

490 1233 712 1316 freto⁵
727 1300 747 1334 ,
784 1274 917 1343 qua
954 1250 1329 1344 irrumpens
1360 1250 1672 1321 Oceanus
1691 1250 2129 1381 6Atlanticus
2111 1274 2179 1318 in
2213 1251 2422 1319 maria
2466 1250 2640 1319 inte-

499 1355 679 1423 riora
725 1354 1142 1425 diffunditur.
1189 1357 1363 1425 Hinc
1411 1343 1718 1426 intranti⁶
1761 1357 1994 1427 dextra
2029 1355 2252 1426 Africa
2289 1371 2421 1439 est,
2473 1354 2638 1425 laeva

496 1462 825 1555 Europa·
878 1458 1051 1531 inter
1101 1462 1224 1531 has
1264 1462 1415 1532 Asia
1456 1462 1616 1533 θεῖ’.
1659 1464 1952 1532 Termini
1999 1486 2258 1533 amnes
2275 1464 2517 1531 Tanais
2572 1478 2642 1532 et
2743 1496 2748 1501 ·

495 1566 688 1637 Nilus
702 1555 744 1637 ⁸.
777 1568 1180 1657 Quindecim
1217 1592 1297 1639 Μ.
1331 1592 1507 1663 pass.
1553 1570 1623 1638 in
1661 1567 2209 1665 longitudinem⁹‚
2259 1594 2422 1664 quas
2467 1568 2638 1638 dixi·

490 1786 593 1839 hus
620 1785 847 1858 quisque
882 1786 1031 1839 locus
1072 1786 1399 1839 inclama-is.
1434 1786 1522 1839 Sic

426 1872 433 1879 ’
495 1865 845 1937 intelligenda
864 1865 996 1917 mihi
1012 1866 1259 1918 videntur
1280 1864 1394 1919 haec
1413 1883 1524 1919 ver·

494 1946 584 2010 ba,
604 1944 849 2017 quamvis
876 1944 1027 1997 aliter
1046 1944 1178 1998 aliis.
1196 1943 1522 1997 Sententiam

494 2042 670 2077 meam
688 2022 1011 2077 confirmant
1024 2062 1039 2089 ,
1058 2036 1115 2075 nt
1132 2036 1286 2095 puto,
1304 2016 1524 2095 sequen-

494 2104 565 2160 tia
578 2104 764 2157 verba:
784 2101 991 2155 «vidua
1006 2102 1145 2155 fama
1164 2120 1257 2155 sua
1276 2102 1526 2168 nomina,

494 2184 673 2255 qualia
690 2180 1139 2255 fuerepritnordio
1152 2194 1277 2235 ante
1288 2200 1373 2237 res
1388 2181 1525 2235 ullas

496 2276 697 2335 gestau
723 2288 746 2309 a·
794 2264 849 2315 in
878 2278 999 2333 quae
1026 2258 1191 2314 Hau-d.
1236 2286 1261 2307 α
1280 2260 1524 2333 Oppido-

494 2360 613 2395 rum
630 2380 647 2405 ‚
670 2342 847 2413 inquit
857 2340 1057 2393 Plinius
1071 2378 1089 2404 ,
1115 2341 1186 2392 ita
1208 2358 1353 2393 nnnc
1376 2338 1524 2393 andi-

494 2420 637 2475 enda
664 2434 793 2474 sunt
806 2420 1056 2481 nomina,
1078 2430 1335 2490 tanquam
1352 2438 1522 2491 quum

494 2500 727 2573 primum
748 2500 899 2553 fuere
926 2496 1143 2552 condita
1164 2535 1182 2561 ‚
1210 2509 1267 2549 ut
1293 2498 1522 2553 obscura

496 2580 695 2633 scilicet
719 2578 1053 2651 ingloriaque
1080 2578 1363 2631 citentur.»
1382 2580 1483 2632 En.

568 2668 620 2725 4.
644 2663 814 2729 Origo.
838 2658 1165 2730 Pomponius
1182 2656 1338 2721 Mela,
1360 2659 1451 2713 lib.
1469 2658 1520 2724 1,

492 2758 610 2812 cap.
632 2746 665 2803 4
689 2738 867 2810 operis
880 2738 950 2791 de
966 2737 1083 2791 Situ
1102 2735 1293 2791 Orbis:
1326 2760 1349 2785 c
1364 2740 1520 2793 Nune

494 2821 759 2882 exactius,
790 2819 994 2891 inquit,
1032 2836 1150 2869 oras
1174 2817 1411 2888 situsque
1438 2818 1522 2871 di-

495 2912 680 2963 cturo,
722 2898 850 2951 inde
898 2909 977 2951 est
1026 2896 1519 2951 commodissimum

494 2977 754 3051 incipere,
774 2977 921 3031 unde
956 2988 1117 3029 terras
1142 2974 1395 3029 Nostrum
1422 2996 1518 3049 pe-

428 3076 437 3083 ·
494 3058 643 3129 lngus
662 3056 974 3130 ingreditur,
997 3067 1099 3108 etc.
1122 3078 1145 3099 ι
1184 3054 1367 3109 Rutu.

569 3140 621 3193 5.
658 3142 908 3190 Gaditano
915 3138 1068 3204 freto.
1094 3136 1251 3188 Nunc
1270 3134 1518 3207 Hispanis

494 3222 717 3271 Eser-echo
752 3222 815 3270 de
844 3220 1116 3277 Cib-altam·
1140 3214 1293 3287 quod
1320 3235 1516 3269 nomen

490 3298 697 3371 accepit
737 3317 766 3351 a
808 3308 989 3350 monte
1025 3293 1304 3367 quondam
1342 3300 1516 3363 Calpe,

490 3374 654 3430 hodie
697 3380 949 3429 Gibmltar
980 3374 1125 3428 dicto
1179 3392 1246 3425 ex
1295 3375 1515 3431 arabicis

492 3456 763 3509 vocabulis
793 3459 948 3508 Gebel
971 3459 1029 3507 al
1056 3456 1219 3515 Tar-ik,
1238 3473 1359 3525 quae
1377 3476 1514 3507 neon·

489 3548 582 3586 tem
611 3540 759 3588 Tar-ik
784 3535 1084 3607 significant
1110 3552 1128 3587 ε
1168 3532 1397 3587 inditum
1422 3553 1514 3587 au·

486 3627 593 3667 tem
632 3614 797 3668 fuisse
835 3614 1034 3669 dicitur
1070 3614 1239 3667 monti
1276 3632 1509 3678 nomen,

485 3692 634 3767 quod
665 3694 734 3749 ad
764 3713 886 3747 eum
914 3708 1081 3748 castra
1109 3692 1287 3765 posuit
1304 3692 1512 3745 Mauro-

483 3794 601 3827 rum
616 3772 724 3826 dux
748 3778 922 3839 Tarik,
941 3786 1225 3846 postquam
1247 3772 1303 3823 in
1324 3770 1510 3843 Hispa·

458 3852 627 3909 ,niam
654 3853 961 3925 trajecisset.
980 3884 1053 3893 --
1080 3852 1163 3905 Ad
1190 3850 1305 3905 haec
1327 3864 1506 3905 autem

480 3933 862 4003 sequentiaque
879 3971 897 3999 ‚
950 3930 1179 3984 duarum
1226 3931 1504 4003 Hispania-

474 4031 595 4064 rum
620 4028 869 4083 mappam
897 4011 1185 4073 adhibeas,
1210 4010 1377 4066 lector
1398 4010 1503 4063 hu·

475 4090 808 4155 manissime,
846 4110 1004 4164 quam
1036 4092 1089 4143 in
1127 4088 1361 4144 secundo
1393 4092 1500 4143 voi.

1608 1804 1663 1857 p.
1691 1787 1794 1855 529
1813 1787 1982 1841 nostri
2009 1786 2230 1841 Castris
2255 1785 2538 1839 collocavit
2559 1785 2638 1840 cl.

1610 1866 1827 1919 Buum't
1847 1886 1924 1921 nu
1949 1868 2169 1919 Βοαιωι
2189 1885 2394 1919 summa
2414 1864 2640 1938 diligen·

1608 1946 1684 1999 tia
1710 1948 2048 1999 elaboratam.
2076 1946 2178 1998 En.

1681 2028 1732 2079 6.
1775 2029 1906 2078 Hinc
1948 2028 2165 2076 intranti.
2219 2024 2522 2077 Pontsmn·
2561 2040 2638 2077 nt

1607 2104 1786 2158 Stvnt
1802 2108 1916 2157 huie
1936 2107 2146 2157 intranei
2163 2105 2340 2157 forsan
2367 2105 2518 2159 hand
2536 2105 2638 2158 im-

1611 2185 1800 2239 merito
1825 2184 2106 2256 legendum
2125 2195 2294 2255 putat.
2316 2186 2419 2237 En,

1681 2284 1732 2336 7.
1761 2271 1901 2316 Inter·
1916 2266 2006 2315 has
2031 2266 2172 2315 Asia.
2201 2262 2394 2316 Verius
2413 2262 2521 2316 hoc
2544 2282 2640 2316 an-

1608 2344 1773 2417 tiquis.
1823 2340 2206 2397 occidentalem
2249 2354 2460 2395 tantum
2498 2344 2637 2398 Asiae

1607 2436 1850 2495 partem,
1911 2440 2074 2494 quam
2121 2422 2278 2475 nobis
2332 2423 2636 2477 nuivmam

1607 2504 1788 2558 Asiam
1812 2502 2174 2557 noscentibus.
2201 2501 2304 2553 En.

1681 2586 1731 2637 8.
1758 2585 1975 2635 Termini
1997 2600 2170 2633 amnes
2196 2583 2378 2633 Tanais
2401 2596 2448 2633 ee
2466 2584 2632 2634 Nilus.

1607 2660 1888 2717 Veteribus
1923 2662 2122 2716 Tanais
2162 2672 2218 2713 >et
2259 2660 2412 2713 Nilus
2455 2660 2636 2713 Asiam

1607 2743 1676 2795 ab
1719 2742 1934 2814 Europa
1978 2752 2030 2794 et
2071 2740 2252 2795 Africa
2293 2738 2634 2794 dictamina·

1605 2821 1768 2875 bant:
1809 2823 1988 2874 minus
2025 2831 2202 2873 autem
2242 2831 2386 2873 recte
2423 2820 2636 2873 interno

1607 2902 1742 2954 mari
1786 2900 2000 2955 termini
2047 2898 2478 2954 adscriberentur
2519 2899 2633 2953 hoec

1605 2978 2016 3053 flumina,quum
2030 2980 2228 3032 Pontus
2238 2978 2473 3031 Euxinus
2491 2996 2636 3033 xxxv

1604 3057 1767 3113 leucis
1801 3072 1854 3113 et
1889 3060 2117 3131 amplius
2149 3058 2412 3111 orientem
2449 3078 2632 3113 versus

1602 3140 1897 3211 porrectior
1936 3139 2002 3191 sit
2045 3156 2206 3209 quam
2242 3138 2440 3190 Tanais
2482 3137 2629 3191 fluvii

1605 3220 1775 3281 ostia,
1813 3231 1867 3270 et
1909 3218 2181 3271 internum
2227 3235 2377 3269 mare
2416 3218 2631 3289 proprie

1603 3300 1810 3353 dictum
1833 3318 1968 3352 mxxv
1994 3298 2164 3352 leucis
2195 3316 2358 3369 quam
2389 3296 2627 3352 Pelusia-

1601 3398 1724 3433 cum
1752 3380 1860 3433 Nili
1881 3379 2092 3431 ostium.
2115 3380 2219 3431 En.

1673 3475 1725 3527 9.
1767 3460 2051 3525 Quindecim
2091 3462 2164 3511 Μ.
2198 3476 2337 3525 pass.
2376 3460 2428 3507 in
2465 3460 2628 3525 longi-

1599 3542 1834 3589 tudinem.
1877 3537 2091 3590 Vitiosae
2138 3550 2261 3590 sunt
2301 3555 2487 3589 omnes
2523 3536 2627 3590 inae

1598 3616 1718 3669 freti
1741 3635 2002 3670 mensura
2021 3654 2038 3680 ,
2065 3628 2124 3668 ut
2143 3614 2199 3668 id
2225 3614 2386 3669 modo
2413 3614 2626 3668 demon·

1595 3696 1907 3761 strabimus3
1933 3696 2032 3749 nisi
2065 3708 2243 3749 tamen
2288 3694 2525 3767 incipere
2549 3694 2626 3747 di-

1596 3788 1746 3828 catur
1765 3774 1958 3827 fretum
1987 3776 2043 3827 in
2071 3774 2312 3846 Europa,
2333 3776 2478 3845 juxta
2498 3793 2620 3826 eum

1596 3854 1773 3907 locum
1811 3854 1904 3907 ubi
1931 3854 2093 3909 hodie
2121 3866 2200 3908 est
2227 3856 2429 3921 Tar-ffa,
2470 3851 2622 3925 quod

1593 3952 1684 3985 xvr
1709 3952 1774 3987 nr.
1799 3951 1938 4005 pass.
1957 3952 1990 3987 n
2013 3935 2210 4005 Calpe,
2233 3930 2398 3985 hodie
2427 3936 2622 3985 Gibral-

1593 4028 1692 4077 ear,
1717 4012 1874 4065 distat
1891 4033 1907 4080 ;
1927 4026 1977 4065 et
1997 4013 2052 4065 in
2068 4010 2246 4064 Africa
2267 4048 2283 4075 ‚
2310 4030 2337 4062 a
2359 4028 2618 4083 promon-

1594 4092 1730 4144 torio
1753 4090 1890 4145 Albo
1903 4130 1917 4153 ‚
1944 4089 2108 4144 hodie
2127 4097 2287 4144 Panto
2306 4093 2390 4142 del
2410 4094 2614 4158 Saimzr,
