2950 5017
589 417 730 515 788
1445 417 1582 488 DE
1640 417 1881 504 SITU

586 551 768 592 autem
795 553 1002 590 amnem
1023 572 1040 600 ,
1067 535 1162 608 qui
1193 554 1250 588 ae
1273 534 1328 588 in
1355 535 1607 588 Rubrum
1640 553 1819 603 mare,
1852 535 1961 588 hoc
1992 548 2105 599 est,
2143 535 2198 588 in
2230 534 2523 590 Arabicum
2560 536 2735 591 sinum

578 625 858 690 effundat,
905 624 1108 678 Plinius
1145 635 1564 690 commemor-au
1603 642 1771 696 quum
1808 624 1867 676 in
1910 623 2117 678 Arabio
2152 635 2336 678 tamen
2370 623 2737 698 descriptione

577 714 872 788 prasertim
903 711 1038 765 nibil
1065 729 1132 766 eo
1159 711 1268 766 dici
1295 713 1601 766 accuratius
1627 725 1722 766 aut
1750 711 2019 785 copiosius
2048 711 2229 784 possit.
2258 710 2505 768 Minores
2536 714 2739 787 aliquot

573 823 758 860 amnes
797 802 856 856 in
901 800 1290 854 mediterraneo
1327 801 1529 871 positos
1568 801 1963 872 praten-misisse
2006 811 2181 874 potest
2214 798 2387 854 videri
2404 841 2423 868 ‚
2462 802 2615 873 quod
2662 803 2737 855 illi

575 890 1000 947 distraherentur
1025 889 1080 942 in
1107 889 1279 960 rigua.
1306 886 1444 941 Nam
1469 887 1684 942 Sabaeoa
1708 886 1855 942 idem
1884 901 2172 956 memorat,
2198 907 2315 961 cap.
2342 888 2541 942 eodem
2562 928 2582 955 ,
2612 916 2639 936 -
2656 889 2740 943 di-

575 981 806 1034 tissimos
838 977 1104 1051 sylvarum
1141 975 1414 1029 fertilitate
1448 974 1718 1028 odorifera
1738 1013 1753 1040 ,
1786 975 1901 1029 auri
1930 975 2189 1040 metallis,
2222 995 2481 1048 agrorum
2504 976 2741 1048 riguis.-

577 1070 690 1124 Hos
711 1065 848 1122 duos
871 1083 1054 1120 amnes
1077 1083 1216 1118 unus
1237 1063 1519 1136 descripsit
1536 1063 1920 1136 annotavitque
1942 1065 2001 1118 in
2023 1065 2136 1119 auia
2152 1063 2351 1119 tabulis
2368 1065 2741 1139 geographicis

575 1177 646 1212 ex
667 1155 844 1210 Plinio
871 1153 1156 1208 delineatio
1178 1151 1238 1205 P.
1263 1151 1493 1206 Bertius.

641 1245 804 1312 Quod
829 1243 875 1298 si
905 1244 1026 1316 quis
1057 1253 1236 1297 autem
1266 1241 1521 1304 miretur,
1547 1237 1771 1295 fluvium
1806 1244 2050 1308 Aehana,
2076 1241 2192 1308 vel,
2222 1252 2286 1295 ut
2314 1242 2522 1297 inus,
2556 1255 2738 1297 nocuo

571 1335 795 1406 legitur,
827 1335 1124 1397 Aelianum,
1153 1347 1185 1382 a
1217 1327 1390 1381 Plinio
1417 1326 1673 1400 appellari
1702 1347 1857 1392 eum,
1880 1327 1974 1401 qui
1996 1347 2025 1380 a
2050 1327 2205 1382 Mose
2239 1328 2443 1384 Phison
2481 1344 2735 1394 vocetur,

571 1422 780 1478 desinet
804 1421 893 1474 ille
918 1419 1099 1472 mirari
1119 1455 1134 1482 ,
1161 1435 1332 1491 quum
1359 1415 1640 1484 didicerit,
1668 1415 2091 1488 Chrysorrhoam
2120 1416 2326 1488 pariter
2359 1419 2617 1472 Damasci
2642 1419 2737 1472 flu-

570 1513 720 1568 vium
743 1529 776 1564 a
796 1508 970 1562 Plinio
993 1526 1115 1559 eum
1147 1504 1360 1567 vocari,
1384 1504 1481 1576 qui
1508 1504 1693 1557 Abana
1714 1515 1769 1557 et
1792 1503 2093 1576 Pharphar,
2118 1505 2207 1558 vel
2230 1504 2495 1560 alterutro
2522 1507 2742 1562 nomine

569 1609 915 1670 nuncupatur
930 1634 945 1659 ,
967 1597 1094 1666 Reg.
1120 1612 1206 1660 xv,
1232 1597 1284 1658 5,
1311 1611 1391 1645 u.
1417 1592 1788 1664 Quaecumque
1812 1591 1878 1645 sit
1895 1603 2076 1645 autem
2094 1591 2241 1646 vocis
2264 1593 2405 1647 illius
2424 1595 2740 1668 originum,

567 1679 780 1763 partem
804 1685 948 1738 illam
970 1681 1178 1737 Arabim
1198 1679 1289 1734 hic
1306 1680 1478 1734 amnis
1505 1677 1854 1743 circumfluit,
1878 1699 2039 1752 quam
2058 1677 2387 1734 odoriferam
2406 1701 2471 1736 ac
2486 1683 2707 1738 divitem
2719 1725 2735 1751 ‚

568 1791 621 1834 et
645 1779 817 1830 Beatae
835 1769 1153 1844 cognomine
1173 1768 1424 1842 inclytam
1451 1766 1651 1821 Plinius
1673 1766 1906 1840 appellat
1921 1805 1937 1830 ,
1972 1768 2047 1832 V,
2076 1786 2139 1821 η
2154 1807 2171 1832 ,
2190 1779 2253 1822 ut
2270 1769 2515 1840 apertius
2536 1784 2741 1826 consta-

575 1870 656 1922 bit
690 1885 760 1920 ex
790 1865 875 1917 his
901 1880 1021 1935 qun
1055 1859 1254 1913 dicturi
1282 1877 1466 1911 sumus
1507 1855 1747 1910 inferius.
1786 1857 1867 1909 De
1896 1856 2001 1910 situ
2038 1857 2246 1911 Arabio
2270 1859 2470 1922 totius,
2498 1861 2657 1935 cujus
2689 1862 2739 1914 iu

573 1967 722 2030 parte
741 1947 1160 2024 septemtrionali
1181 1959 1310 2000 sunt
1332 1943 1489 1998 fluvii
1515 1943 1592 1996 illi
1616 1944 1726 1998 duo
1749 1943 1821 1997 de
1837 1943 2033 2017 quibua
2050 1945 2199 1998 estin
2222 1947 2734 2021 presentiquaatio,

572 2039 804 2098 notanda
831 2049 956 2093 suut
975 2037 1152 2090 obiter
1173 2035 1334 2087 verba
1356 2030 1594 2106 ejusdem
1626 2032 1927 2103 scriptoria,
1953 2033 2065 2098 VI,
2098 2034 2195 2098 32,
2224 2033 2319 2086 ubi
2348 2033 2606 2090 eamdem
2636 2035 2741 2090 eali

571 2145 776 2208 partem
804 2139 1042 2201 spectare
1057 2163 1072 2188 ,
1095 2137 1145 2178 et
1170 2121 1365 2177 similis
1393 2139 1506 2175 esse
1534 2119 1703 2172 Italiae
1726 2119 2094 2192 magnitudine
2113 2121 2310 2175 Arabia
2332 2119 2561 2186 dicitur.L
2590 2126 2739 2198 -Ipsa

573 2239 730 2283 vero,
753 2214 962 2288 inquit,
989 2210 1266 2286 peninsula
1299 2209 1491 2264 Arabia
1526 2207 1665 2260 inter
1695 2206 1808 2260 duo
1834 2209 1997 2261 maria
2018 2248 2034 2277 ,
2059 2209 2301 2262 Rubrum
2334 2211 2742 2286 Persicumques

576 2323 925 2385 procurrens,
957 2299 1192 2374 quodam
1219 2311 1418 2352 natura
1443 2294 1674 2350 artificio
1701 2293 1771 2348 ad
1798 2295 2199 2351 similitudinem
2228 2309 2397 2370 atque
2422 2300 2741 2371 magnitudi-

579 2417 701 2452 nem
732 2393 897 2448 Italiae
919 2387 1059 2443 mari
1085 2385 1438 2448 circumfusa,
1465 2384 1523 2438 in
1558 2381 1807 2438 eamdem
1842 2383 1998 2438 etiam
2026 2385 2143 2438 cali
2172 2396 2381 2458 partem
2412 2389 2567 2443 nulla
2594 2388 2741 2443 diffe-

587 2485 759 2541 rentia
782 2489 1000 2554 spectat.
1017 2484 1068 2524 κ’

661 2575 760 2642 Qui
783 2569 972 2622 circuit.
999 2564 1087 2620 Sic
1117 2581 1274 2617 versu
1309 2562 1406 2627 13,
1432 2563 1519 2630 qui
1545 2562 1780 2611 cireumit.
1810 2553 1976 2625 Quo'd
1999 2557 2219 2630 quidem
2246 2561 2479 2615 verbum
2503 2561 2615 2618 dici
2640 2583 2741 2617 non

491 2707 498 2714 .
585 2673 762 2738 potest
782 2657 882 2712 nisi
903 2655 972 2711 de
994 2674 1060 2708 eo
1085 2671 1245 2706 amne
1264 2688 1281 2713 ,
1310 2649 1403 2722 qui
1429 2649 1703 2721 regionem
1726 2647 1960 2720 aliquam
1989 2667 2087 2702 auo
2104 2649 2309 2702 ambitu
2330 2650 2499 2706 veluti
2522 2653 2739 2726 quodam

587 2755 711 2809 sinu
735 2747 1134 2819 complectatur.
1156 2739 1225 2793 ld
1252 2759 1377 2793 vero
1403 2737 1474 2793 de
1503 2739 1715 2811 gemino
1741 2736 1919 2810 Tigris
1950 2737 2087 2792 ostio
2114 2735 2223 2791 dici
2248 2751 2393 2793 certe
2414 2759 2529 2794 non
2554 2754 2739 2814 potest.

590 2843 768 2908 Quam
790 2836 930 2902 enim
955 2833 1270 2886 alterutrum
1298 2842 1497 2882 terram
1518 2825 1855 2898 amplectitur
1872 2862 1889 2888 ,
1916 2827 2059 2878 hanc
2082 2845 2257 2898 neque
2282 2829 2512 2900 proprie
2531 2831 2740 2895 circuit,

592 2943 646 2984 et
669 2925 844 2981 insula
871 2915 930 2975 ea
958 2934 1068 2982 est,
1092 2935 1268 2989 neque
1293 2913 1563 2986 AEthiopia
1589 2924 1765 2966 autem
1792 2924 1899 2974 est,
1926 2931 2099 2985 neque
2125 2914 2398 2968 Hevilath.

669 3021 874 3067 Omnem
895 3025 1078 3062 terram
1097 3007 1340 3058 Hes-flach.
1360 3001 1620 3056 Geminus
1642 3001 1697 3054 in
1716 2999 1914 3055 Genesi
1934 3001 2019 3055 vir
2038 3003 2256 3056 nomine
2273 3003 2467 3058 Hevila
2488 3025 2547 3060 se
2564 3006 2741 3066 offert,

593 3119 648 3160 et
670 3119 830 3158 suum
857 3110 1080 3167 uterque
1102 3093 1150 3147 ei
1173 3133 1190 3160 ‚
1217 3110 1379 3165 quam
1412 3091 1647 3162 primum
1675 3089 1896 3155 insedit,
1923 3109 2118 3142 nomen
2144 3091 2350 3162 regioni
2374 3090 2549 3146 dedit.
2570 3095 2737 3156 Alter,

593 3191 736 3248 filius
757 3187 906 3244 chus
928 3203 942 3238 :
969 3183 1108 3236 Gen.
1133 3199 1172 3234 x
1187 3217 1206 3246 ,
1234 3200 1266 3250 7
1291 3197 1306 3232 ε
1333 3206 1358 3224 α
1377 3178 1499 3231 Filii
1522 3177 1703 3232 Chus:
1728 3175 1886 3242 Saba,
1917 3189 1969 3230 et
1991 3176 2199 3241 Hevila,
2220 3191 2275 3232 et
2292 3177 2547 3250 Sabatha,
2570 3194 2625 3234 et
2644 3183 2738 3236 Be-

592 3297 712 3354 gma
729 3316 746 3344 ,
783 3287 836 3329 et
866 3267 1178 3326 sabatacha.
1214 3265 1334 3321 Filii
1353 3267 1547 3337 Regma
1571 3285 1583 3319 :
1613 3263 1755 3317 Sabo
1774 3301 1790 3330 ,
1818 3277 1869 3318 et
1896 3263 2149 3318 Dudum.-
2182 3265 2329 3319 Alter
2350 3265 2501 3322 filius
2522 3270 2703 3324 Jeetan
2722 3307 2737 3333 .

597 3365 775 3423 fratris
799 3360 1032 3431 phaleg,
1059 3357 1199 3410 Gen.
1230 3375 1266 3408 x
1282 3392 1298 3418 ‚
1325 3372 1410 3423 ²9-
1449 3353 1607 3407 Hunc
1634 3351 1900 3406 habitasse
1926 3363 2181 3426 apparet,
2200 3371 2267 3406 ex
2294 3353 2433 3408 Gen.
2458 3375 2499 3409 x
2517 3395 2534 3421 ,
2564 3357 2669 3421 30,
2690 3369 2739 3410 et

593 3475 650 3510 xx
671 3491 688 3519 ,
716 3473 744 3506 a
772 3447 896 3522 (sed
926 3457 1049 3501 ante
1075 3445 1375 3516 linguarum
1399 3439 1767 3496 confusionem
1786 3442 1840 3508 ),
1869 3437 1939 3494 ad
1970 3451 2219 3494 exortum
2252 3441 2378 3498 solis
2400 3444 2737 3516 equinoctia·

593 3546 699 3598 lem
719 3580 736 3606 ,
759 3548 1004 3610 respectu
1022 3535 1204 3586 Terre
1230 3543 1420 3585 sanctae
1442 3549 1458 3584 ε
1498 3529 1649 3582 illum
1680 3543 1890 3591 autem,
1922 3548 2093 3602 quum
2124 3530 2285 3584 suerit
2307 3529 2453 3585 filius
2482 3531 2661 3596 chus,
2690 3543 2737 3586 et

589 3634 757 3686 frater
795 3627 928 3682 Saba
951 3663 966 3690 ,
1002 3623 1060 3675 in
1101 3640 1165 3675 ea
1202 3632 1354 3693 parte
1385 3617 1593 3671 Arabio
1634 3617 1855 3684 Felicis,
1883 3635 2007 3689 quo
2044 3617 2293 3672 intimum
2330 3619 2443 3674 sere
2478 3637 2735 3674 recessum

591 3717 788 3774 Persici
814 3714 962 3768 sinus
987 3707 1195 3780 attingit
1213 3725 1230 3760 ε
1259 3707 1400 3761 iufra
1422 3707 1602 3772 Chus,
1623 3705 1731 3760 hoc
1758 3717 1838 3758 eat
1858 3743 1875 3768 ,
1900 3704 2037 3757 infra
2062 3706 2338 3776 regionem
2358 3705 2428 3760 de
2452 3707 2623 3779 patria
2644 3725 2735 3760 no·

587 3809 732 3862 mine
754 3803 1075 3884 appellatam
1093 3835 1110 3862 .,
1136 3796 1208 3850 ab
1233 3794 1351 3849 aliis
1375 3793 1706 3866 AEthiopiam
1729 3814 1744 3846 =
1768 3794 1937 3866 magis
1962 3795 2081 3867 ipso
2106 3794 2357 3848 nimirum
2378 3793 2659 3848 recedente
2682 3795 2732 3846 in

583 3899 840 3948 Austrum
873 3887 958 3942 vel
999 3887 1054 3939 in
1093 3895 1334 3938 exortum
1371 3881 1495 3936 solis
1530 3881 1861 3953 hybernum,
1903 3883 1970 3937 Et
1998 3884 2117 3936 hac
2144 3881 2295 3954 regio
2330 3901 2479 3937 nunc
2522 3901 2555 3936 a
2592 3887 2734 3935 Mose

582 3992 881 4056 spectatur,
904 3994 1023 4048 quo
1050 3994 1080 4026 a
1103 3971 1215 4026 filio
1241 3971 1388 4026 Chus
1412 3989 1611 4023 nomen
1640 3970 1830 4032 habet,
1854 3989 1963 4022 non
1987 3969 2150 4023 altera
2168 4009 2185 4032 ‚
2209 3987 2329 4040 qun
2356 3987 2391 4024 a
2416 3969 2533 4022 filio
2556 3971 2731 4023 Jeetau

584 4069 819 4128 fortassis
843 4061 1218 4136 cognominata
1249 4073 1326 4114 est
1349 4079 1362 4113 τ
1393 4072 1508 4112 tum
1536 4059 1665 4132 quia
1700 4059 1755 4112 in
1790 4059 1889 4112 ista
1914 4058 2091 4112 nullus
2112 4058 2282 4111 amuis
2309 4069 2419 4124 eat,
2446 4070 2539 4111 aut
2562 4057 2732 4110 nullus
