2950 5017
1037 447 1363 515 LIBER
1416 447 1547 514 VI.

243 559 485 646 Victo³²
544 599 658 662 eo,
710 575 1203 672 Pompeiopolis
1228 561 1280 601 ³³

2211 442 2356 546 587

1332 591 1696 671 utrumque
1767 575 2176 673 appellatum
2243 595 2362 650 est.

334 684 457 752 111.
512 669 705 774 (111.)
746 681 1203 776 Cappadocia¹
1248 683 1425 754 intus
1465 682 1673 754 habet
1713 680 2044 754 coloniam
2094 682 2361 754 Claudii
2401 713 2422 747 1

240 788 503 858 Caesaris
532 786 1025 876 Archelaidem,
1066 813 1267 883 quam
1291 789 1577 884 praefluit
1605 787 1830 884 Halys·
1867 789 2138 885 Oppida
2178 816 2194 860 ε
2237 794 2369 863 Co·-

238 917 420 966 mana
432 892 479 980 ³,
506 894 689 989 quod
720 897 922 964 Sarus
958 919 974 962 ε
1002 880 1577 982 Neocaesaream³‚
1603 895 1784 989 quod
1813 882 2078 990 Lycus⁴
2112 921 2129 964 :
2166 898 2366 968 Ama-

237 999 387 1070 siam
400 985 451 1089 ⁵,
486 1000 668 1095 quod
698 1003 819 1070 Iris
840 1001 912 1070 in
938 1001 1207 1096 regione
1235 1003 1586 1072 Gazacena
1597 987 1641 1068 ⁶.
1673 1001 1756 1070 In
1785 1000 2170 1098 Colopena⁷
2202 1027 2366 1074 vero

309 1204 398 1258 32.
426 1206 575 1258 Victo
596 1225 673 1261 eo.
698 1203 753 1260 A
778 1204 1052 1278 Pompeio.
1075 1205 1245 1272 Vide,

234 1282 321 1337 lib.
344 1285 485 1350 VII,
501 1303 623 1357 cap.
647 1305 733 1358 ²7·
756 1285 931 1358 Igitur
947 1287 1107 1342 urbes
1124 1284 1247 1340 dua

229 1364 443 1431 juncoe,
483 1365 777 1436 Eupatoria
818 1377 871 1418 et
908 1366 1148 1432 Amisos,
1186 1364 1247 1418 in

234 1441 459 1514 Pompeii
484 1463 686 1498 nomen
714 1444 985 1498 transiere.
1011 1445 1246 1517 Eupato-

232 1520 303 1576 ria
332 1541 467 1577 nova
496 1524 626 1577 urbs
653 1523 861 1578 adtetta
894 1525 1062 1578 veteri
1089 1525 1190 1579 fuit
1216 1541 1247 1576 a

231 1599 545 1657 Mithridate.
570 1602 659 1656 Sic
677 1604 909 1675 Appian.
922 1603 981 1658 in
996 1601 1247 1658 Mithrid-

230 1678 519 1754 Utrumque
553 1682 999 1755 Pompeiopoleos
1028 1684 1249 1737 nomine

230 1762 563 1832 appellatum.
614 1764 1025 1834 Πομπηῖούπολις
1044 1801 1062 1828 ,
1104 1765 1245 1824 πόλις

228 1841 584 1913 Παφλαγονίας,
602 1841 637 1900 ἢ
649 1845 1041 1914 nummi-fatone.
1060 1841 1245 1914 Steph-

229 1935 337 1991 με.
366 1921 499 1977 558.
530 1923 718 1976 flam).

301 1999 387 2054 33.
404 2002 763 2072 Pompeiopolis
778 2014 1039 2074 utrumque.
1058 2001 1243 2056 Chiffl.

228 2089 463 2152 umque
482 2082 857 2151 Pompeiopolis.
884 2083 991 2134 En.

294 2160 391 2213 111.
420 2180 469 2216 1.
502 2161 840 2231 Cappadocia.
866 2162 995 2214 Haec
1018 2159 1243 2214 totidem

226 2239 389 2294 verbis
409 2240 659 2305 Solinus,
684 2259 799 2312 cap.
823 2256 949 2306 xm,
978 2257 1101 2310 pag.
1138 2240 1241 2312 733

226 2315 504 2374 Martianus
523 2357 543 2385 ‚
568 2319 667 2374 lib.
688 2320 771 2373 vl
784 2359 801 2383 ,
838 2339 887 2374 c.
909 2319 978 2372 de
1001 2319 1239 2391 Cappad.

225 2415 331 2467 pag.
373 2419 499 2453 222.
544 2399 759 2452 Nomen
806 2399 968 2453 babet
1002 2391 1239 2470 Ᾰρχελαῒς

224 2476 285 2530 ab
307 2475 575 2532 Archelao
600 2477 955 2549 Cappadocia
972 2497 1127 2550 rege,
1148 2497 1241 2533 eu-

220 2558 299 2624 jus
328 2575 553 2629 regnum
584 2557 833 2612 Tiberius
859 2559 919 2612 in
952 2558 1243 2630 provincio

224 2635 433 2690 formam
461 2636 673 2708 redegit
689 2676 706 2702 ,
733 2649 865 2690 teste
896 2637 1149 2692 Suetonio
1182 2638 1242 2690 in

223 2717 323 2784 ejus
349 2717 489 2782 vita,
527 2735 650 2788 cop.
691 2735 903 2772 xxxvn.
939 2717 1124 2772 Ham).
1159 2749 1240 2760 —

222 2795 383 2848 Emuae·
402 2815 551 2850 nunc
576 2794 797 2850 dicitur.
822 2797 935 2849 En.

296 2895 345 2930 ι.
371 2876 626 2938 Comana,
654 2876 787 2948 quod
803 2875 975 2929 Sam.
998 2875 1115 2928 Hoc
1134 2888 1239 2942 est,

222 2955 355 3024 quod
392 2955 661 3028 oppidum
697 2956 855 3010 Serus
891 2954 1061 3008 amnis
1100 2972 1238 3025 prae·

222 3031 345 3090 fluit.
360 3035 439 3089 Τὰ
452 3038 691 3108 Κόμωνα,
713 3035 984 3101 Straboni,
1004 3033 1097 3086 lib.
1113 3035 1241 3100 ΧΠ,

222 3131 329 3185 pog.
360 3115 469 3170 535
488 3155 507 3180 ,
544 3129 601 3169 et
624 3115 873 3186 Appiano
907 3115 963 3167 in
988 3112 1237 3167 Mithrid.

221 3207 330 3264 pag.
363 3201 497 3259 ²14.
542 3193 645 3250 Διὰ
681 3195 767 3266 μὲν
805 3190 883 3248 οὗν
923 3197 1014 3255 τῆς
1048 3193 1236 3256 πόλεως

220 3279 389 3336 ταύτης
415 3279 441 3328 ὁ
472 3275 631 3345 Σοὶρος
664 3276 737 3344 §ni
772 3275 1036 3346 ποταμὸς,
1064 3272 1241 3342 inquit

218 3349 425 3417 Strabo,
448 3355 550 3426 qni
575 3354 717 3408 bane
741 3353 1015 3408 Cataonia
1044 3353 1235 3405 urbem

218 3429 508 3503 adjudicat:
534 3433 753 3486 alteram
773 3431 973 3486 deinde
994 3427 1233 3503 ejusdem

216 3513 439 3568 nominis
455 3514 527 3566 ab
551 3531 615 3566 ea
637 3510 997 3576 discriminat,
1018 3528 1135 3582 quae
1160 3510 1236 3562 Iri

218 3592 347 3646 mi
366 3605 481 3646 erat
496 3591 769 3662 imposita.
790 3593 871 3645 De
890 3591 1035 3644 vocis
1055 3601 1235 3660 etymo

218 3670 369 3725 multa
392 3671 473 3726 ibi
500 3670 667 3742 digna
690 3671 828 3724 scitu
856 3688 871 3723 :
900 3683 955 3724 et
978 3669 1049 3723 de
1085 3669 1234 3740 lphi-

214 3751 369 3818 geuin
394 3749 611 3822 gladio,
642 3768 803 3822 quem
834 3768 1003 3821 penes
1038 3767 1093 3802 se
1122 3765 1235 3802 esse

216 3840 431 3901 utraque
452 3831 583 3885 urbe
600 3829 878 3900 gloriatur.
901 3829 1126 3882 Nummi
1146 3845 1237 3880 ve-

214 3918 343 3962 teres
350 3914 762 3964 Romamn.
774 3908 996 3964 Colonia
1004 3927 1069 3962 eo
1078 3907 1237 3961 missa

216 4001 287 4040 est
313 3990 411 4042 sub
437 3991 641 4043 Severo
668 3990 809 4059 Imp.
847 4001 902 4043 et
928 4007 963 4042 a
1004 3988 1233 4058 conjuge

216 4065 245 4114 J
250 4067 349 4120 ulia
370 4069 463 4124 Pin
487 4067 665 4123 Felice
688 4070 825 4140 Aug·
858 4085 1053 4122 nomen
1082 4085 1232 4122 acce-

1332 1205 1433 1277 pit.
1486 1203 1647 1258 Unde
1697 1218 1822 1258 sunt
1859 1206 2068 1259 nummi
2107 1207 2368 1260 Antonini

1335 1284 1550 1350 Severi,
1576 1304 1692 1338 cor..
1727 1303 1842 1338 rvr..
1877 1287 2001 1338 ivo.
2033 1305 2084 1338 ιν.
2113 1303 2366 1340 conmo-

1334 1382 1473 1418 nvn.
1500 1365 1684 1419 Hsnn.
1721 1395 1802 1406 —
1839 1365 2044 1418 Locum
2083 1383 2366 1438 occupasse

1334 1443 1553 1498 videtur
1591 1444 1685 1512 qui
1721 1461 1867 1496 nunc
1903 1445 2216 1512 El-bostan,
2257 1446 2367 1500 sive

1333 1523 1568 1587 Hortus,
1598 1521 1812 1576 dicitur.
1838 1523 1941 1576 En.

1417 1601 1469 1655 3.
1513 1603 1897 1656 Neocoesaream.
1937 1603 2156 1674 Georgii
2187 1603 2367 1656 Thau-

1333 1682 1566 1753 maturgi
1612 1683 1899 1754 episcopali
1939 1681 2062 1736 sede
2108 1681 2364 1736 nobilem.

1332 1763 1494 1816 Nunc
1539 1762 1754 1827 Niksar,
1793 1775 1854 1814 ut
1901 1763 1976 1816 ait
2021 1761 2365 1824 n’Anunnz,

1332 1859 1452 1912 quae
1493 1840 1710 1914 quidem
1755 1843 1884 1894 urbs
1925 1840 2072 1894 haud
2117 1841 2365 1912 ignobilis

1332 1934 1443 1986 est3
1472 1939 1583 1974 non
1603 1933 1780 1974 autem
1807 1923 1858 1973 T
1853 1933 1990 1987 ocae,
2009 1933 2069 1975 ut
2085 1919 2364 1974 Harduino

1330 1999 1564 2055 videtur.
1588 1995 1693 2052 En.

1412 2087 1467 2144 4.
1499 2081 1674 2150 Lycus.
1703 2079 2003 2144 Fluviolus,
2028 2079 2120 2151 qui
2149 2077 2205 2132 in
2229 2080 2361 2134 Irim

1331 2179 1542 2213 amnem
1575 2159 1804 2224 labitur,
1834 2171 1896 2212 ut
1947 2147 2158 2212 dicemi-
2203 2159 2359 2213 initio

1329 2259 1446 2311 cap.
1476 2257 1588 2310 seq.
1613 2238 1796 2291 Hum.

1412 2320 1465 2372 5.
1515 2320 1779 2372 Amasae‘am.
1813 2317 2086 2372 Strabonis
2115 2317 2230 2372 baeo
2259 2336 2355 2390 pa-

1329 2397 1450 2465 tria,
1473 2415 1638 2468 quam
1659 2397 1750 2450 ille
1772 2397 2139 2469 pereleganter
2154 2395 2356 2450 descri-

1328 2477 1442 2544 bit,
1460 2476 1556 2530 lib.
1580 2478 1706 2542 XII,
1733 2496 1788 2548 p.
1820 2476 1927 2530 561
1958 2495 1972 2528 :
1999 2467 2262 2548 Andem-
2288 2509 2302 2524 ·
2329 2511 2342 2524 ·

1328 2551 1399 2610 δι’
1422 2551 1480 2617 ἧς
1523 2559 1545 2608 ὁ
1593 2546 1686 2626 ipsc
1720 2558 1918 2628 φέρεται
1961 2557 2210 2626 ποταμός.
2242 2555 2356 2608 Pri-

1327 2654 1477 2689 scum
1523 2637 1720 2689 retinet
1783 2654 2015 2703 nomen,
2083 2635 2351 2708 oppidum

1326 2713 1596 2786 hodieque
1643 2713 1872 2786 insigne.
1935 2715 2270 2768 Describitur
2322 2733 2354 2769 a

1325 2794 1674 2862 Tavernerio,
1695 2794 1753 2846 in
1783 2793 1968 2848 Itiner.
1996 2807 2128 2848 tom.
2147 2795 2176 2846 1
2189 2833 2206 2858 ,
2228 2814 2352 2867 pag.

1330 2895 1383 2945 9.
1415 2875 1598 2928 Hau).

1408 2958 1462 3008 6.
1523 2953 1804 3007 Gazaceaa.
1868 2953 2132 3014 Γαζακηνῆ
2199 2953 2350 3024 regio

1326 3033 1576 3088 Straboni
1613 3033 1707 3086 lib.
1749 3033 1892 3096 XII,
1913 3051 2038 3104 pag.
2075 3033 2186 3086 553
2209 3073 2224 3099 ,
2254 3035 2348 3104 qui

1324 3111 1465 3166 banc
1501 3130 1687 3166 vocem
1727 3112 2172 3184 Paphlagonicam
2205 3131 2349 3178 esse,

1323 3204 1380 3246 et
1414 3191 1698 3246 barbaram
1725 3192 1812 3244 ait.
1843 3189 2026 3245 Han.

1407 3290 1461 3342 7.
1489 3272 1554 3324 In
1586 3270 1850 3342 Colopena.
1891 3271 1982 3323 Ab
2020 3271 2156 3324 urbe
2181 3271 2344 3328 Χολόη

1318 3352 1469 3422 regio
1495 3368 1694 3404 nomen
1716 3350 1933 3404 traxisse
1948 3347 2194 3403 videtur:
2227 3368 2348 3422 quo

1318 3430 1459 3484 inter
1495 3429 1880 3483 mediterranea
1921 3427 2122 3500 oppida
2181 3429 2346 3482 Ponti

1321 3508 1574 3574 Galatici,
1599 3521 1660 3560 nt
1679 3521 1734 3562 et
1757 3509 2113 3578 Sebastopolis
2129 3545 2146 3572 ‚
2166 3527 2196 3562 a
2220 3509 2346 3562 Pto·

1319 3589 1514 3644 lemaeo
1547 3587 1884 3650 describitur,
1916 3587 2014 3640 lib.
2032 3589 2104 3653 V,
2139 3606 2257 3659 cap.
2290 3591 2345 3640 6.

1320 3668 1556 3724 Sebastia
1592 3687 1754 3732 vero,
1786 3663 2063 3730 Σεὸοἱςιια,
2107 3665 2250 3721 inter
2284 3683 2347 3720 ea

1320 3767 1439 3820 qun
1483 3746 1846 3800 Polemoniaci
1884 3746 2042 3798 Ponti
2083 3744 2344 3802 diceban-

1321 3841 1427 3882 tur.
1474 3827 1603 3880 Haee
1637 3825 1800 3880 bodie
1845 3824 1986 3880 Sim
2024 3827 2341 3897 appellatur.

1321 3905 1464 3961 Vide
1489 3907 1902 3970 Tavernerium,
1922 3917 2051 3958 tom.
2079 3907 2126 3971 1,
2153 3907 2343 3963 Itiner.

1319 4006 1375 4059 p.
1411 4005 1434 4039 1
1449 4004 1496 4040 1.
1520 3987 1586 4038 In
1611 3985 1814 4040 Notitia
1837 3985 2036 4038 Eccles-
2053 3985 2344 4055 Hieroclis,

1320 4085 1443 4140 pag.
1501 4066 1590 4133 15,
1647 4066 1787 4118 inter
1828 4065 2108 4136 episcopos
2153 4066 2344 4137 primm
