2950 5017
1109 405 1424 474 LIBER
1488 405 1619 470 VI.

2293 406 2435 500 749

293 540 674 608 continente
706 560 936 632 passus
963 533 1143 606 mille
1173 563 1188 606 :
1235 562 1372 606 non
1411 534 1802 630 ampliorem
1844 537 2131 606 circuitu
2173 535 2435 608 duobus

293 643 638 715 millibus⁹.
651 644 964 712 Traditur
991 657 1058 712 et
1077 642 1204 712 alia
1237 641 1444 712 insula
1475 656 1711 712 contra
1740 656 2037 712 montem
2054 640 2387 713 Atlantem
2408 696 2428 728 ‚

292 750 428 820 et¹⁰
467 752 610 847 ipsa
647 749 927 818 Atlantis
959 747 1306 844 appellata.
1346 749 1452 817 Ab
1496 772 1573 817 ea
1610 749 1901 842 quinque
1944 748 2202 818 dierum
2242 751 2428 818 navi·-
2468 761 2503 814 3

292 858 559 951 gatione
575 854 620 880 ¹¹
649 855 1034 926 solitudines
1059 854 1144 924 ad
1167 854 1515 950 AEthiopas
1542 856 1927 949 Hesperios,
1948 869 2018 923 et
2041 869 2429 948 promonto-

291 964 511 1046 rium,
553 959 802 1056 quod¹²
843 963 1226 1032 vocavimus
1275 962 1644 1080 Hesperion
1688 984 1905 1045 ceras,
1944 960 2098 1029 inde
2140 963 2432 1056 primum

291 1070 784 1163 circumagente
819 1093 890 1138 se
925 1081 1255 1136 terrarum
1299 1067 1574 1137 fronte
1556 1091 1625 1135 ιιι
1667 1091 1979 1136 occasum
2001 1051 2075 1153 ¹³,
2126 1091 2206 1136 ac
2242 1091 2427 1136 mare

289 1173 714 1244 Atlanticum.
752 1172 1047 1244 Contra¹
1029 1161 1076 1206 ¹⁴
1108 1173 1242 1243 hoc
1279 1197 1547 1268 quoque
1590 1174 2127 1267 promontorium
2168 1175 2432 1267 Gorga·-

290 1266 474 1350 des¹⁵
508 1279 736 1350 insulae
766 1295 1145 1366 narrantur,
1182 1282 1578 1398 Gorgonum
1614 1277 1949 1373 quondam
1978 1279 2217 1348 domus
2247 1278 2433 1347 bidui

290 1387 714 1481 navigatione
759 1386 1078 1456 distantes
1121 1411 1161 1455 a
1215 1386 1631 1470 continente,
1680 1400 1759 1454 ut
1798 1384 2004 1455 tradit
2048 1386 2433 1480 Xenophon

291 1494 803 1588 Lampsacenus.
840 1493 1274 1562 Penetravit
1255 1517 1326 1560 ιιι
1363 1515 1474 1560 eas
1511 1494 1753 1560 Hanno
1798 1493 2160 1561 Poenorum
2207 1495 2425 1620 Impe·
2465 1519 2501 1577 4

289 1612 498 1682 rator,
539 1597 960 1718 prodiditque
992 1598 1168 1667 hirta
1211 1597 1605 1666 feminarum
1644 1621 1967 1692 corpora,
1996 1595 2215 1666 viros¹
2220 1581 2429 1691 ⁶per-

287 1705 556 1774 nicitate
618 1705 954 1776 evasisse·
939 1703 1414 1823 ‘duarumque
1435 1702 1484 1742 ¹⁷
1537 1706 1933 1798 Gorgonum
1987 1717 2174 1772 cutes
2228 1727 2435 1798 argu·-

288 1812 496 1880 menti
532 1825 600 1880 et
641 1808 944 1880 miraculi
984 1811 1196 1905 gratia
1239 1811 1312 1879 in
1348 1813 1388 1879 J
1391 1834 1631 1904 unonis
1684 1806 1935 1905 templo
1978 1810 2240 1904 posuit,
2278 1833 2431 1904 spe·-

369 2052 425 2103 9.
456 2033 656 2086 Duobus
683 2033 906 2086 millibus.
931 2033 1108 2087 Etiam
1134 2033 1313 2086 mino·

285 2129 402 2165 rem
432 2111 558 2165 facit
581 2112 772 2166 Hanno
793 2151 810 2178 ,
849 2113 1091 2186 quinque
1119 2109 1312 2165 dunta-

287 2203 382 2244 xat
429 2190 718 2244 stadiorum
767 2210 782 2245 :
831 2193 1004 2246 κύκλον
1059 2194 1266 2261 ἱχουσαν
1288 2225 1310 2254 ,

285 2265 480 2332 cadim
507 2274 678 2326 πέντε.
703 2270 884 2324 Eum.

377 2369 460 2404 10.
477 2351 552 2404 Et
569 2355 674 2420 ipsa
696 2351 938 2404 Atlantis.
953 2347 1182 2408 Eodem,
1203 2368 1314 2423 quo

286 2429 560 2484 Platonica
588 2429 788 2486 Atlanti
819 2429 1040 2483 nomine
1053 2468 1071 2495 ‚
1099 2429 1169 2484 de
1208 2448 1317 2501 qua

285 2507 488 2564 dictum
518 2523 598 2564 est
640 2510 734 2564 lib.
775 2511 869 2576 11,
899 2527 1020 2580 cap.
1063 2527 1134 2578 92
1157 2541 1174 2570 ‚
1217 2507 1314 2562 sed

283 2589 356 2642 ab
403 2607 465 2642 ca
499 2601 674 2644 tamen
718 2586 941 2642 diversa.
976 2588 1314 2660 Quamquam

284 2681 342 2721 et
385 2687 582 2722 nomen
623 2669 780 2742 hujus
825 2681 879 2722 et
917 2669 1077 2734 aitua,
1113 2667 1314 2722 incerta

284 2759 494 2802 tantum
522 2747 663 2800 fama
683 2746 930 2801 traditur.
957 2747 1144 2800 Hann.

374 2844 398 2880 ι
415 2845 464 2880 1.
485 2828 831 2898 Navigatione.
862 2825 1048 2882 Chiffl.
1069 2831 1312 2898 proenam‘·

281 2909 490 2976 gothus.
519 2905 622 2958 En.

373 3005 398 3040 1
413 3005 468 3040 a.
509 2986 661 3055 Quod
693 2988 984 3038 vocavimus.
1025 2983 1310 3058 Superiore

283 3065 476 3136 capite.
504 3065 686 3120 Hanc.

373 3143 548 3199 13.1n
573 3163 808 3198 occasion.
834 3142 924 3197 Ab
951 3141 1167 3198 Oceano
1197 3163 1312 3199 me·

281 3221 498 3278 ridiano
536 3236 653 3279 tum
691 3223 930 3296 primum
984 3241 1039 3276 ae
1077 3223 1312 3278 circum-

283 3317 471 3374 agente
507 3303 689 3376 littore
727 3321 910 3356 versus
949 3320 1068 3356 eam
1101 3317 1312 3375 partem

282 3401 406 3454 qua
466 3370 566 3436 soli
620 3381 890 3438 occidenti
953 3385 1306 3438 obvertitur·

285 3462 432 3516 unde
462 3463 788 3518 Atlanticum
820 3461 1006 3534 incipit
1033 3481 1180 3518 mare
1216 3451 1330 3518 σο(

284 3542 609 3613 gnominari.
640 3541 822 3597 Ham).

371 3627 462 3685 14.
512 3622 699 3676 Come-a
745 3623 834 3675 Ιιοσ
879 3641 1080 3695 quoque.
1126 3624 1307 3677 Dalec.

281 3711 452 3752 eonem
491 3703 598 3757 hoc.
628 3703 734 3754 En.
759 3731 842 3744 —
869 3701 1166 3773 Hesperien
1205 3703 1308 3756 aci·

281 3778 424 3834 licet.
463 3781 591 3836 Hac
621 3779 812 3834 iisdem
852 3781 1032 3836 verbis
1065 3781 1308 3848 solinus,

281 3875 401 3930 cap.
429 3879 521 3914 nvx
542 3902 558 3927 ,
583 3879 703 3932 pag.
735 3863 828 3931 87.
857 3860 1046 3914 Hann.

371 3937 459 3994 15.
497 3939 754 4011 Gorgades
789 3941 978 3996 imula.
1007 3940 1142 4006 Quo
1170 3939 1310 3994 Gor-

285 4033 484 4084 gonum
511 4019 684 4075 inaula
709 4020 865 4074 Melas
886 4021 1224 4087 nominatur,
1249 4039 1312 4074 ea

1403 2030 1575 2084 Cerne
1592 2031 1705 2102 ipsa
1728 2041 1806 2083 est
1822 2028 2054 2100 polybii,
2076 2027 2433 2100 Nepotiaque:

1400 2129 1561 2182 quam
1602 2110 1895 2180 Ar3uinam
1915 2146 1932 2174 ,
1974 2109 2175 2178 Argm'n
2192 2145 2209 2172 ‚
2250 2109 2434 2162 vocari

1399 2202 1568 2262 puto,
1601 2189 1779 2260 inquit
1806 2187 2075 2249 Mariana,
2104 2187 2243 2240 nist.
2274 2187 2430 2258 Hisp-

1399 2269 1499 2322 lib.
1543 2271 1571 2322 1
1596 2307 1613 2334 ,
1657 2287 1777 2339 cap.
1825 2287 1895 2322 υ
1914 2305 1932 2328 ,
1975 2285 2097 2338 pag.
2147 2273 2213 2331 41
2237 2304 2255 2332 ,
2293 2267 2434 2322 ultra

1397 2349 1835 2420 promontorium
1848 2347 2070 2406 Album,
2086 2347 2227 2400 circa
2240 2349 2435 2418 AEqua·

1401 2439 1572 2480 torem
1590 2466 1607 2493 ,
1638 2427 1883 2481 vicesima
1908 2426 2081 2498 prima
2114 2425 2261 2480 orbia
2290 2425 2431 2480 coli-

1401 2526 1508 2579 que
1532 2521 1700 2580 parte.
1731 2507 1911 2572 Quare
1945 2505 2229 2560 verisimile
2259 2519 2337 2559 eat
2362 2505 2433 2560 de

1399 2605 1628 2640 numero
1655 2604 1715 2639 ac
1738 2587 1841 2640 situ
1870 2585 2167 2640 insularum
2183 2626 2201 2650 ,
2231 2585 2434 2656 quibua

1399 2665 1459 2720 id
1484 2685 1681 2720 nomen
1712 2679 1847 2720 esset
1863 2705 1881 2732 ,
1904 2665 2285 2718 hallucinatum
2319 2665 2433 2720 Xe·

1401 2745 1733 2818 nophontem
1747 2785 1763 2808 ,
1793 2763 1955 2816 quem
1989 2744 2194 2798 Plinius
2218 2743 2401 2798 laudat
2416 2782 2433 2808 ,

1399 2827 1456 2878 in
1494 2826 1655 2878 rebus
1690 2825 1967 2878 etiamtum
1996 2823 2235 2878 obscuris
2268 2822 2432 2877 fidem

1399 2923 1547 2958 auam
1573 2916 1823 2976 prestare
1841 2923 1954 2958 non
1983 2921 2153 2956 ausus.
2182 2903 2371 2960 Ham).

1485 2989 1569 3038 16.
1602 2985 1659 3036 V
1654 2987 1751 3036 ires
1770 2985 2073 3055 pernicitate.
2108 2982 2273 3036 Viroa
2312 3001 2431 3036 non

1400 3063 1454 3116 in
1490 3075 1833 3134 conspectum
1871 3062 2307 3134 colloquiumque
2331 3081 2427 3116 ve·

1397 3142 1566 3205 nisae,
1596 3143 1850 3216 quoniam
1876 3142 2192 3214 pernicitate
2218 3159 2427 3195 summa

1397 3223 1678 3277 avolarint.
1713 3222 1823 3275 Alii
1861 3224 1935 3276 aie
1970 3221 2393 3292 interpretantur
2410 3259 2429 3286 ,

1398 3303 1549 3375 quasi
1568 3302 1779 3356 femina!
1799 3302 1943 3356 viros
1966 3299 2281 3373 pernicitate
2304 3319 2429 3355 eva-

1397 3382 1581 3436 serint.
1608 3383 1791 3436 Ham).

1485 3481 1509 3514 1
1520 3481 1575 3532 7.
1588 3462 1903 3534 Dum-umque
1919 3459 2223 3530 Gorgonum.
2240 3459 2427 3514 Chiffl.

1393 3541 1601 3594 duarum
1632 3540 1937 3611 Gorgadum.
1960 3539 2068 3592 En.
2091 3570 2170 3580 —
2194 3537 2335 3591 Nota
2358 3538 2427 3592 de

1396 3620 1740 3692 Gorgonibus
1788 3618 1985 3672 Phorci
2034 3617 2161 3670 filiis
2208 3617 2385 3671 fabula
2406 3660 2421 3682 ,

1395 3719 1555 3772 quam
1580 3699 1791 3772 prolixe
1813 3698 2000 3752 recitat
2018 3696 2161 3750 Naso
2176 3734 2193 3762 ‚
2218 3697 2317 3751 lib.
2340 3697 2421 3751 lv

1398 3779 1615 3834 Metam.
1642 3778 1743 3832 sub
1765 3778 1929 3832 finem
1952 3795 1967 3831 ι
1994 3775 2120 3828 vide
2142 3788 2281 3830 nost.
2295 3777 2425 3832 ovi·

1397 3858 1478 3914 dii
1510 3859 1641 3913 edit.
1660 3871 1800 3912 tom.
1829 3857 1941 3923 111,
1976 3875 2035 3928 p.
2059 3854 2172 3910 338
2200 3867 2255 3910 et
2276 3875 2427 3929 seqq.

1397 3939 1503 3994 En.
1522 3937 1800 3993 —Refert
1823 3937 1940 3991 hac
1963 3936 2163 4006 pariter
2186 3935 2396 3990 Solinus
2410 3975 2428 4002 ,

1399 4037 1518 4092 cap.
1544 4037 1639 4074 ινι
1656 4057 1673 4087 ,
1694 4035 1814 4089 pag.
1837 4017 1928 4070 88.
1962 4015 2143 4068 Hann.
