2950 5017
507 404 606 473 80

1012 350 1119 473 C·
1168 406 1499 475 PLINII
1556 404 1767 473 NAT.
1828 405 2079 473 HIST.

500 522 628 605 ni⁴⁰
652 536 1026 633 praefluenti
1039 540 1227 607 Arno
1243 539 1557 634 appositi,
1576 526 1903 623 Fesulae⁴¹‚
1918 536 2375 623 Ferentinum,
2386 538 2673 605 Fescen-

500 645 648 728 nia‚
707 647 1086 714 Hortanum
1109 698 1129 726 ,
1185 646 1577 714 Herbanum
1594 631 1669 731 ⁴²,
1728 648 1953 741 Nepet
1968 628 2044 730 ⁴³,
2098 645 2362 712 Novem
2384 628 2437 673 ⁴⁴
2480 644 2638 738 pagi
2659 695 2680 728 ‚

500 751 908 821 Praefectura
926 736 978 782 ⁴⁵
1035 750 1310 821 Claudia
1367 750 1740 823 Foroclodii
1765 806 1785 837 ‚
1840 752 2203 821 Pistorium
2221 734 2299 837 ⁴⁶,
2359 750 2633 819 Perusia
2654 802 2677 837 ‚

505 958 678 1013 Chiust‘
691 999 707 1024 ,
733 978 906 1031 prope
928 960 1142 1015 Tiberis
1160 962 1535 1015 fontes.Vete-

504 1058 629 1093 rum
643 1079 662 1105 ,
689 1058 836 1093 nunc
857 1040 969 1093 fere
991 1040 1282 1105 desertum,
1303 1042 1376 1094 ob
1399 1041 1539 1095 insa-

503 1120 815 1175 lubritatein
869 1122 1036 1185 aeris,
1089 1122 1144 1175 in
1190 1122 1414 1192 regione
1447 1121 1539 1174 cui

499 1216 699 1252 nomen
728 1212 809 1254 est
835 1200 944 1253 Vae
969 1200 1030 1253 de
1061 1200 1289 1262 Chiona,
1317 1218 1346 1254 ι
1377 1202 1535 1255 Claui

499 1277 700 1349 palude
741 1282 1012 1351 proxima.
1053 1282 1166 1335 Hos
1211 1300 1324 1335 nou
1369 1300 1429 1335 re
1476 1300 1541 1334 ac

497 1360 652 1421 loco,
693 1360 786 1413 sed
823 1362 1047 1414 nomine
1091 1363 1266 1415 solum
1305 1361 1539 1415 invicem

501 1438 806 1513 discrepare
823 1454 1000 1494 censet
1027 1440 1335 1495 Holstenius
1355 1441 1412 1493 in
1433 1442 1543 1494 No·

503 1522 572 1573 tis
595 1519 666 1574 ad
687 1521 802 1574 Ital.
831 1521 1017 1593 Antiq.
1043 1540 1098 1592 p.
1123 1522 1214 1593 75.
1239 1522 1308 1573 At
1333 1540 1444 1573 non
1465 1523 1542 1575 ita

506 1620 632 1654 sane
658 1602 882 1655 Veteres
926 1614 1290 1657 censuerunt:
1316 1620 1440 1654 nsm
1484 1603 1541 1654 in

501 1681 801 1753 fragmento
837 1682 1108 1736 Itinerarii
1137 1681 1422 1745 Antonini,
1452 1682 1540 1735 iti·

500 1780 631 1815 nere
652 1761 940 1827 Tiberino,
958 1762 1167 1832 legitur,
1195 1788 1217 1808 κ
1243 1762 1424 1814 Clusio
1447 1780 1561 1815 ve-·

502 1852 613 1895 tere
636 1842 766 1893 olim
790 1843 1140 1895 Comersolo:
1167 1841 1354 1895 Clusio
1375 1860 1540 1907 novo,

499 1939 532 1973 a
563 1939 675 1992 quo
705 1918 882 1973 dictus
913 1920 1252 1973 Clas-atinus
1285 1922 1543 1974 transitus

499 2000 834 2055 Hannibalis.
861 2027 884 2047 ι
919 2003 1000 2054 De
1021 2012 1202 2053 vetere
1221 2000 1423 2065 Livius,
1445 2000 1538 2055 lib.

501 2081 574 2145 X,
595 2083 685 2145 25,
703 2078 1158 2152 ·Clusium,quod
1177 2081 1394 2133 Camars
1407 2081 1541 2134 olim

469 2161 861 2232 -sppellabant.
892 2186 915 2206 ι
964 2161 1046 2213 De
1089 2177 1271 2226 novo,
1317 2160 1412 2213 lib.
1455 2162 1540 2227 V,

505 2259 626 2311 cap.
659 2240 752 2295 33.
783 2240 965 2293 Hmn-
987 2252 1043 2293 et
1071 2241 1173 2293 En.

587 2327 674 2383 40.
709 2320 972 2371 Fluentc'ni.
997 2320 1076 2372 Ita
1094 2320 1248 2373 MSS.
1273 2320 1540 2392 plerique,

500 2399 736 2471 librique
766 2398 913 2453 editi.
953 2400 1024 2451 At
1065 2398 1246 2453 chiffl.
1281 2412 1335 2453 et
1366 2401 1537 2454 Paris.

501 2480 804 2545 Florentim',
837 2494 898 2533 ut
919 2480 976 2531 in
1005 2479 1284 2534 codicibus
1309 2498 1444 2552 quos
1465 2482 1543 2534 vi·

503 2558 616 2623 dit,
643 2560 828 2630 legisse
859 2578 946 2621 se,
977 2559 1020 2611 si
1048 2558 1346 2623 credimus,
1379 2573 1539 2614 testa-

505 2652 595 2694 tur
611 2639 880 2693 Gelenius.
895 2640 1186 2695 Frontinus
1207 2641 1246 2692 l.
1265 2638 1334 2693 de
1345 2640 1539 2695 Colon.

502 2739 624 2792 pag.
646 2721 742 2788 93,
765 2721 1050 2774 Coloniam
1065 2721 1429 2774 Florentinum
1449 2719 1541 2774 de-

503 2799 718 2855 ductam
757 2819 788 2853 a
827 2800 1149 2869 Trium-viris
1187 2799 1464 2872 prodidit:
1486 2814 1542 2855 et

502 2880 754 2943 Tacitus,
783 2881 979 2935 Annal.
1014 2881 1112 2935 lib.
1153 2882 1181 2932 1
1201 2918 1218 2945 ,
1249 2900 1370 2953 cap.
1428 2900 1503 2951 79
1522 2922 1539 2949 ,

503 2978 680 3015 orasse
720 2960 798 3013 ait
843 2960 1207 3025 Florentium,
1251 2979 1320 3013 ne
1359 2961 1543 3015 Clanis

503 3040 664 3093 solito
701 3040 854 3095 alveo
903 3040 1180 3107 demotus,
1223 3040 1278 3093 in
1325 3059 1538 3095 amnem

504 3121 714 3173 Arnum
759 3122 1166 3186 transferretur,
1208 3119 1372 3192 idque
1413 3121 1541 3194 ipsis

503 3200 798 3273 perniciem
829 3200 1061 3255 afferret.
1093 3200 1298 3253 Tamen
1341 3201 1398 3254 in
1440 3200 1537 3254 de-

504 3293 651 3335 creto
683 3279 946 3334 Desidet-ii
973 3280 1132 3351 Regis
1167 3281 1359 3345 Italia,
1384 3280 1537 3352 apud

505 3360 722 3417 Gruter.
743 3380 799 3432 p.
837 3378 973 3414 sao:
992 3384 1012 3403 ι
1037 3360 1280 3414 Palantes
1305 3361 1542 3415 Fluenti-

503 3460 602 3494 nos
611 3442 938 3511 collegimus:
951 3466 974 3489 ι
983 3439 1131 3513 quod
1141 3439 1210 3494 de
1220 3441 1543 3495 Florentinis

503 3519 876 3593 accipiendum
905 3534 1002 3575 est.
1025 3520 1204 3575 Hodie
1230 3521 1419 3575 ineolis
1445 3522 1539 3574 Fa·-

505 3620 646 3653 renze
666 3614 877 3665 vocata,
896 3602 1064 3656 Gallis
1078 3602 1326 3666 Flet-enee.
1349 3598 1537 3655 Ham).

509 3694 562 3734 et
590 3680 690 3735 En.

591 3768 684 3823 41.
723 3760 942 3826 Fesuloe,
976 3774 1076 3815 etc.
1107 3762 1308 3815 Fiesoli.
1341 3761 1539 3814 Feren-

504 3840 607 3893 tini
623 3839 810 3913 oppidi
830 3841 999 3895 ruinae
1017 3844 1192 3912 jacent
1209 3842 1348 3895 inter
1359 3841 1541 3895 Viter·

503 3921 660 3974 bium
705 3934 758 3975 et
801 3922 972 3973 Monte
1015 3922 1256 3975 Fies-cone
1285 3940 1305 3973 .·
1337 3940 1537 3975 nomen

505 4014 775 4072 superest,
812 4001 1026 4053 Ferenti.
1068 4002 1354 4055 Fescennia
1393 4020 1541 4056 nunc

511 4083 691 4139 Galesi·
701 4124 718 4149 ,
741 4080 809 4137 ad
832 4083 1073 4136 Tiberim
1091 4122 1108 4152 ,
1125 4082 1180 4135 in
1203 4080 1539 4136 Patrimonio

1624 960 1679 1015 S.
1700 960 1848 1015 Petri
1862 978 1878 1014 ε
1892 978 1991 1014 nec
2008 960 2201 1033 procul
2216 957 2345 1013 inde
2362 959 2673 1013 Hortsnum

1630 1042 1780 1097 Orto.
1805 1042 1991 1093 Hann.

1711 1130 1807 1186 4²·
1846 1120 2151 1173 Hes-bamam.
2188 1117 2343 1177 Idem
2381 1118 2548 1171 Urbis
2571 1136 2676 1173 ve-

1628 1202 1757 1255 teris
1800 1201 2023 1254 nomine
2066 1198 2409 1271 insignitum,
2449 1198 2673 1253 omisso.

1634 1282 1817 1335 Hann.

1718 1361 1815 1425 43.
1851 1360 2023 1432 Nepet.
2060 1361 2221 1431 Nepa‘,
2266 1361 2414 1429 juxta
2454 1376 2673 1411 amnem

1630 1442 1855 1494 Pozzolo
1877 1482 1891 1499 .
1937 1442 2077 1494 inter
2116 1441 2345 1492 Romam
2392 1450 2445 1491 et
2486 1438 2675 1491 Viter-

1628 1520 1801 1575 bium.
1832 1522 2045 1575 Ninive.
2084 1520 2405 1584 Ptolemae,
2430 1518 2525 1572 lib.
2552 1518 2674 1581 ΙΙΙ,

1629 1619 1748 1673 cap.
1804 1620 1859 1655 ι.
1890 1602 1953 1653 In
1992 1599 2223 1652 decretis
2244 1598 2436 1651 Hilarii
2478 1600 2637 1669 Papae
2655 1636 2673 1663 ,

1630 1682 1881 1753 ijectus
1902 1681 2174 1751 Nepeu'sms
2198 1683 2462 1750 episcopus.
2477 1678 2671 1731 Ham).

1712 1768 1806 1827 44.
1832 1762 2017 1815 Novem
2038 1763 2179 1831 pagi.
2215 1760 2385 1830 Supra
2403 1759 2675 1811 Centum·

1627 1842 1817 1907 cellas,
1849 1841 1957 1893 boc
1983 1854 2092 1903 est,
2130 1840 2293 1893 Civica
2326 1840 2567 1904 Vecchia,
2600 1836 2673 1891 sd

1627 1921 1800 1974 fontes
1825 1919 2085 1973 Minionis
2110 1920 2311 1984 amnis,
2344 1920 2388 1971 il
2412 1918 2673 1989 Mignone,

1626 2001 1789 2073 positi
1823 2018 1837 2053 :
1870 2000 2203 2073 profecturo
2242 1998 2481 2054 Claudia
2518 1998 2672 2052 atu-i-

1626 2080 1763 2134 buti.
1796 2082 1981 2139 Hsnn.

1712 2162 1781 2225 45
1792 2202 1805 2214 .
1826 2162 2135 2228 Praefectum
2154 2158 2367 2213 Claudia
2386 2158 2675 2211 For-ocham

1627 2242 1685 2294 in
1724 2240 2043 2312 quibusdam
2074 2241 2377 2306 Proeseetum
2414 2238 2629 2291 Claudia
2648 2276 2667 2299 ‚

1626 2322 1811 2375 Forum
1864 2320 2069 2374 Claudii
2086 2340 2107 2383 ,-
2158 2338 2245 2391 ap.
2304 2319 2438 2372 alios
2482 2318 2669 2371 Forum

1630 2402 1809 2455 Cassii.
1856 2402 1960 2455 En.
2005 2432 2088 2443 —
2126 2400 2285 2451 Nunc
2330 2410 2409 2452 est
2446 2398 2690 2463 Oriolo,.

1620 2482 1680 2534 in
1719 2484 1929 2535 Dueatu
1963 2479 2256 2533 Braeciani.
2298 2476 2460 2550 Apud
2495 2478 2669 2549 Opta·

1626 2574 1737 2615 tum
1754 2600 1771 2626 ,
1814 2562 2125 2613 Domitianus
2162 2580 2195 2610 α
2240 2558 2375 2612 Foro
2420 2557 2625 2611 Claudat
2646 2600 2665 2623 ,

1623 2642 1763 2695 inter
1806 2643 2107 2714 Episcopos
2144 2639 2238 2711 qui
2282 2637 2533 2693 sederunt
2574 2642 2667 2711 ju-

1626 2719 1769 2774 dices
1817 2723 1875 2775 in
1924 2738 2081 2773 causa
2137 2719 2355 2772 Donati.
2394 2718 2665 2772 Ceterum

1622 2802 1951 2873 praefccturoe
1961 2820 1992 2854 ει
2006 2800 2235 2854 coloniis
2248 2798 2667 2871 municipiisque

1625 2882 1847 2935 omnino
1873 2879 2112 2934 diversa.
2142 2880 2219 2933 Ex
2256 2879 2505 2950 pluribus
2530 2896 2665 2931 eon-

1624 2973 1766 3015 stare
1788 2960 2045 3015 videntur
2063 2960 2194 3013 vicis
2208 2956 2535 3030 oppidisque
2558 2958 2667 3012 mi-

1624 3042 1880 3108 noribus,
1925 3038 2115 3095 eodem
2163 3038 2231 3093 ad
2269 3037 2503 3111 petenda
2540 3039 2666 3111 jura

1624 3122 2083 3175 convenientibus.
2140 3120 2229 3173 Sic
2280 3136 2473 3171 novem
2534 3120 2667 3191 pagi

1626 3200 1863 3256 Claudiai
1896 3200 2293 3255 adscribuntur.
2324 3198 2392 3251 In
2430 3201 2669 3271 AEgypto

1627 3282 1972 3336 Proefecturss
1995 3279 2319 3353 oppidorum
2338 3279 2542 3331 Nomos
2565 3286 2667 3331 vo*

1626 3363 1848 3425 cabant,
1887 3374 1948 3414 ut
1986 3360 2229 3414 dicemus
2252 3358 2348 3412 lib.
2369 3359 2441 3410 V.
2470 3384 2494 3407 ι
2517 3358 2667 3412 Prae-

1626 3442 1875 3505 fecturae‚
1914 3442 2093 3513 inquit
2123 3441 2335 3501 Festus,
2366 3438 2451 3492 liae
2476 3440 2665 3511 appel-

1626 3522 1806 3575 lantur
1840 3522 1896 3574 in
1938 3522 2123 3586 Italia,
2156 3520 2214 3573 in
2254 3518 2449 3589 quibus
2488 3531 2542 3571 et
2574 3520 2668 3591 jus

1628 3600 1941 3665 dicebatur,
1974 3614 2027 3655 et
2062 3598 2316 3654 nundina
2344 3598 2664 3669 agebantur,

1630 3694 1730 3735 etc.
1762 3706 1784 3727 ι
1820 3681 2005 3733 Ηηυ.

1710 3764 1807 3825 46.
1835 3761 2125 3823 Pisces-ium,
2140 3771 2231 3810 ete.
2254 3757 2411 3810 Nunc
2432 3757 2629 3808 Pistoia
2644 3794 2663 3821 ,

1627 3842 1842 3911 Per-ugia
1856 3882 1871 3905 ,
1892 3838 2085 3894 Suom
2097 3878 2113 3903 ,
2132 3850 2181 3889 et
2199 3836 2433 3890 Saturnia
2454 3836 2663 3888 diste-ut-

1629 3933 1699 3976 ta.
1743 3920 2029 3975 Ptolemaeo
2048 3958 2065 3983 ,
2112 3918 2201 3971 lib.
2246 3916 2329 3969 111
2351 3955 2368 3982 ,
2424 3934 2541 3989 capa
2598 3934 2619 3969 r
2640 3954 2661 3979 ‚

1626 4002 1903 4074 Πιστωρία,
1916 4000 2183 4072 Παρθυαία,
2204 3998 2416 4060 Σουᾶνα,
2442 4002 2662 4067 Zet-roup-

1628 4084 1771 4137 νιάνσ.
1798 4083 2023 4135 κολωνία.
2054 4079 2235 4133 Halm.
