2950 5017
514 486 564 569 4
1039 481 1523 551 c.PL1N11
1577 482 1798 549 NAT.
1855 481 2120 550 HIST.

445 616 476 669 ⁵
510 614 795 693 Album,
821 628 1092 683 auctore
1105 614 1433 681 Turranio
1460 600 1778 683 Gmcili¹⁴
1798 614 1988 707 juxta
2017 613 2258 708 genito.
2275 616 2352 683 T.
2349 614 2650 745 ⁵Livius,

512 746 591 791 ac
633 722 863 815 Nepos
904 717 1257 789 Cornelius
1302 718 1662 789 latitudinis
1709 719 2153 808 tradiderunt,
2191 706 2372 789 ubi¹⁵
2399 724 2651 809 minuS‚

512 851 619 897 vn
674 851 753 896 M.
792 849 963 921 pass.
998 825 1115 894 ubi
1153 848 1316 894 vero
1354 823 1762 919 plurimum,
1805 852 1848 894 x
1902 849 1986 895 Μ.
2025 828 2189 896 Tam
2226 827 2491 897 modico
2531 854 2651 898 ore

510 948 651 1003 tam
686 934 1007 1003 immensa
1048 955 1391 1049 aequorum
1434 934 1706 1002 vastitas
1741 932 2076 1063 panditur.
2126 932 2270 1003 Nec
2311 934 2652 1029 profunda

512 1036 792 1110 altitudo
845 1036 1241 1107 miraculum
1288 1038 1550 1107 minuit.
1603 1024 2069 1133 Frequentes¹⁶
2132 1042 2380 1135 quippe
2436 1042 2652 1111 taeniae

510 1145 918 1215 candicantis
957 1144 1111 1213 vadi
1146 1144 1405 1213 carinas
1449 1146 1774 1213 territant.
1829 1144 1984 1233 Qua
2036 1145 2121 1215 de
2169 1170 2370 1216 causa
2411 1148 2654 1216 Limen

508 1252 751 1322 interni
782 1252 981 1320 maris
1008 1248 1201 1319 multi
1226 1274 1379 1319 eum
1410 1248 1634 1319 locum
1655 1249 2092 1346 appellavere.
2122 1252 2448 1322 Proximis
2464 1251 2512 1293 ¹⁷
2531 1277 2645 1322 au·

508 1372 646 1428 tem
687 1357 987 1427 faucibus
1018 1356 1329 1450 utrinque
1359 1357 1648 1451 impositi
1685 1371 1947 1427 montes
1981 1374 2293 1428 coercent
2327 1356 2650 1429 claustra:

509 1463 703 1534 Abila
738 1463 1015 1549 Africae,
1056 1465 1347 1557 Europae
1384 1461 1632 1558 Calpe,
1676 1461 1978 1532 laborum
2018 1464 2324 1534 Herculis
2369 1452 2650 1535 metae¹⁸.

506 1572 729 1660 Quam
787 1570 876 1639 ob
925 1592 1190 1639 causam
1237 1568 1564 1664 indigenae
1611 1567 1954 1639 columnas
1997 1571 2139 1663 ejus
2190 1572 2323 1641 Dei
2369 1585 2652 1661 vocant,

500 1675 920 1770 ,creduntque
959 1674 1357 1771 perfossas¹⁹
1392 1674 1658 1749 exclusa
1697 1690 1892 1746 antea
1927 1676 2265 1747 admisisse
2305 1680 2548 1766 maria,
2585 1693 2656 1749 et

508 1808 734 1853 rerum
771 1796 1025 1852 naturae
1063 1796 1354 1851 mutasse
1397 1781 1658 1851 faciem.

504 1950 687 2005 Nostri
700 1950 857 2002 verbs
875 1948 1099 2019 :uTingi
1110 1949 1257 2001 abest
1268 1966 1299 2002 u
1315 1949 1530 2010 Boione,
1619 1947 1943 2001 candicantis
1963 1948 2266 2020 porrigatur
2286 1968 2302 2003 z
2326 1952 2509 2003 ταινίαν
2533 1955 2657 2021 ὕφα-

509 2028 711 2102 oppido
758 2026 966 2081 Baeticae
984 2067 1000 2094 ‚
1026 2027 1275 2099 proximo
1312 2030 1540 2099 trajectu
1626 2035 1704 2079 λον
1725 2028 1961 2099 appellat
1983 2028 2205 2089 strabo,
2233 2028 2395 2096 lim,
2421 2047 2546 2101 pag.
2565 2035 2654 2096 49.

508 2128 614 2165 xxx
634 2127 697 2161 ιι.
712 2126 851 2180 pass.
869 2133 895 2153 a
914 2124 1021 2179 quo
1038 2106 1202 2160 modo
1226 2105 1345 2159 fieri
1364 2118 1543 2177 posset
1633 2132 1638 2140 ·
1700 2124 1784 2177 ¹7·
1802 2108 2048 2158 Proximis
2065 2120 2242 2160 auem.
2265 2108 2441 2163 Dalec.
2463 2120 2518 2161 et
2537 2110 2653 2165 Elz.

508 2202 571 2243 ut
584 2186 1009 2260 promontorium
1028 2188 1125 2238 Am
1132 2185 1330 2257 pelusia
1344 2224 1360 2252 ‚
1376 2184 1540 2239 hodie

498 2272 651 2321 ‚cabo
661 2270 888 2334 Spar-ul,
916 2263 1063 2336 qnod
1087 2284 1118 2317 v
1142 2282 1207 2317 ι.
1226 2282 1367 2336 pass.
1382 2264 1542 2317 distat

510 2366 543 2401 a
568 2346 763 2417 Tingi,
781 2343 1114 2397 occidentem
1136 2360 1345 2403 versus,
1376 2362 1409 2395 v
1428 2355 1541 2395 tan·

510 2440 625 2481 tum
662 2442 725 2477 ιι.
756 2441 896 2495 pass.
942 2421 1163 2476 distaret
1190 2440 1221 2474 a
1256 2421 1539 2489 Mellaria,

510 2523 646 2579 quoe,
660 2516 719 2557 ut
728 2502 981 2565 diximus,
998 2512 1213 2555 auctore
1228 2500 1509 2554 Marciano
1522 2538 1540 2565 ‚

500 2604 617 2639 ‚roo
634 2581 817 2636 stadiis
842 2599 875 2633 a
898 2580 1096 2634 Belone
1108 2616 1126 2645 ‚
1144 2579 1402 2633 orientem
1422 2598 1539 2634 ver-

512 2682 604 2719 sus
619 2700 635 2726 ,
654 2661 839 2715 dissita
858 2658 978 2711 fuit.
994 2658 1095 2711 En.

589 2748 675 2807 14.
700 2742 905 2793 Graeili.
918 2737 1037 2791 Dal.
1052 2748 1104 2789 et
1122 2736 1235 2790 Elz.
1252 2740 1517 2790 Gmceula.

570 2822 676 2875 '15.
717 2822 810 2871 Ubi
836 2820 1006 2869 nanus.
1043 2816 1215 2870 Multa
1250 2816 1342 2871 hio
1374 2818 1540 2870 verba

512 2898 777 2955 consumit
794 2894 1103 2949 Harduinus
1114 2932 1129 2957 ‚
1150 2906 1210 2947 nt
1226 2895 1421 2967 probet
1442 2912 1542 2948 cur

512 2977 839 3037 vocabulum
856 2977 1023 3027 minus.
1026 2973 1393 3046 reponendum
1412 2992 1540 3029 cen-

514 3058 706 3122 suerit,
740 3054 1016 3110 admonitu
1052 3052 1295 3107 codicum
1320 3054 1447 3127 Reg.
1475 3071 1537 3119 1,

520 3158 579 3199 α,
599 3136 754 3191 colb.
778 3152 827 3202 ι,
846 3154 911 3201 2,
930 3132 1090 3187 Paris.
1106 3144 1157 3185 et
1178 3132 1409 3186 chifflet.
1436 3151 1539 3205 pro

515 3219 790 3278 minimum,
823 3212 974 3284 quod
998 3211 1297 3265 Frobenius
1335 3212 1539 3285 impru-

514 3296 725 3361 denter,
750 3306 811 3347 ut
823 3293 923 3359 ait,
954 3292 1265 3345 obtrusa-nt.
1294 3292 1405 3345 Nos
1440 3311 1536 3345 au-

512 3388 621 3429 tem
634 3416 650 3443 ,
678 3372 936 3447 quoniam
959 3369 1051 3423 hic
1072 3388 1253 3425 errare
1273 3369 1540 3435 Plinium,

490 3467 610 3508 -aut
648 3455 835 3510 saltem
876 3462 1183 3522 corruptum
1220 3468 1333 3503 esse
1356 3408 1540 3503 locuni

514 3531 994 3587 demonstravimus
1008 3566 1025 3593 ,
1044 3529 1306 3601 illumque
1322 3542 1453 3583 nota
1472 3546 1497 3582 ι
1511 3530 1534 3583 i

512 3612 794 3686 explanare
802 3609 983 3663 conati
997 3626 1183 3663 sumus
1193 3646 1210 3669 ,
1230 3606 1286 3660 in
1300 3607 1412 3662 istis
1428 3627 1540 3662 non

513 3690 863 3745 morabimur.
883 3688 991 3741 En.

588 3774 675 3825 16.
702 3776 1018 3837 qutoenoes.
1043 3767 1193 3820 Adeo
1216 3784 1409 3839 parum
1438 3764 1537 3820 de-

510 3850 675 3923 pressi
692 3846 847 3901 fundi
864 3863 1013 3899 mare
1032 3844 1107 3898 ibi
1126 3862 1238 3899 esse
1250 3844 1537 3917 significat,

508 3926 777 3983 utvadum
798 3927 975 3997 ipsum
986 3941 1231 3977 saxosum
1247 3936 1500 3995 appareat
1516 3964 1531 3985 ,

509 4028 571 4061 ac
589 4026 686 4080 per
705 4004 1037 4058 latitudinem
1056 4002 1209 4065 freti,
1230 4003 1299 4056 ab
1316 4004 1534 4077 Europa

503 4088 559 4139 in
608 4085 841 4139 Africam
882 4083 1045 4139 instar
1092 4081 1254 4137 tonia
1296 4083 1532 4139 fascioeve

1623 2189 1860 2237 &oxima
1877 2200 2059 2240 autern.
2087 2186 2192 2239 En.
2215 2187 2507 2247 -Montes
2522 2226 2537 2252 ,
2565 2188 2654 2241 in·

1622 2265 1739 2337 quit
1756 2303 1772 2329 ,
1819 2265 2074 2338 utrinque
2125 2265 2363 2337 impositi
2409 2267 2656 2321 faucibus

1622 2361 1744 2415 quae
1757 2344 1950 2397 fretum
1967 2357 2184 2415 urgent,
2200 2345 2414 2417 sibique
2430 2347 2654 2419 propin-

1623 2435 1790 2494 quant
1805 2462 1821 2487 ,
1843 2424 2072 2477 claustra
2089 2423 2464 2495 hujuscemodi
2481 2428 2657 2480 conti-

1622 2514 1768 2556 nent.
1799 2502 2126 2575 Pomponius
2147 2504 2316 2571 Mela,
2339 2506 2377 2559 l.
2405 2506 2492 2571 11,
2521 2524 2568 2558 c.
2587 2509 2651 2559 6:

1623 2606 1651 2627 ιι
1667 2580 1874 2635 Deinde
1917 2582 2348 2653 angustissimum
2395 2584 2652 2657 pelagus,

1623 2672 1679 2713 et
1700 2661 1941 2732 proximu
1969 2662 2106 2715 inter
2135 2681 2193 2716 se
2229 2664 2454 2735 Europa
2490 2676 2655 2737 atque

1624 2739 1819 2793 Africoe
1839 2739 2013 2794 littora
2030 2781 2046 2808 ‚
2063 2756 2273 2796 montes
2289 2742 2529 2796 efficiunt
2546 2783 2562 2809 ,
2593 2754 2656 2796 ut

1623 2818 1774 2872 initio
1797 2818 2025 2874 diximus
2044 2857 2062 2884 ,
2087 2824 2350 2877 columna
2375 2822 2654 2891 Herculis,

1623 2898 1776 2952 Abila
1800 2911 1850 2952 et
1877 2899 2062 2971 Calpe.
2083 2926 2110 2947 ι·
2128 2902 2308 2959 Han.

1699 2978 1782 3030 18.
1811 2983 1977 3031 Meta.
2007 2979 2194 3045 Chiffl.
2221 2994 2362 3033 meta.
2380 2980 2488 3034 En.

1699 3074 1780 3124 19.
1807 3060 2084 3122 Perfossa-e.
2123 3059 2213 3112 Sic
2231 3058 2383 3115 MSS.
2411 3058 2652 3131 proxime

1621 3132 1824 3187 laudati
1843 3151 1858 3185 ε
1877 3136 2074 3189 rectius
2091 3149 2266 3189 tamen
2282 3137 2516 3191 romaeis
2525 3156 2652 3192 cum

1621 3210 1680 3263 Pi
1687 3213 1759 3264 nti
1763 3230 1866 3267 ano
1869 3214 2118 3283 [κήδειοι
2125 3216 2396 3284 agnoveris
2405 3256 2422 3281 ,
2445 3228 2651 3271 montes

1622 3289 1818 3345 scilicet
1835 3330 1852 3359 ,
1873 3310 1985 3345 non
2002 3293 2294 3347 columnas.
2313 3294 2527 3368 Capella
2543 3296 2651 3353 boc

1621 3368 1796 3441 ipsum
1821 3375 2011 3443 agens,
2032 3372 2152 3425 loco
2169 3374 2358 3439 citato,
2373 3379 2652 3430 «montium

1617 3452 1914 3517 praedictor-u
1917 3470 1965 3503 m
1978 3452 2220 3523 ‚inquit,
2234 3454 2440 3509 effossis
2459 3454 2652 3511 radici-

1623 3528 1724 3581 bus
1749 3530 2042 3602 evulsoque
2063 3532 2313 3591 confinio.
2323 3536 2444 3588 »De
2462 3554 2522 3590 re
2537 3536 2650 3610 ipsa

1623 3605 1988 3679 Pomponius,
2021 3622 2084 3663 ut
2118 3614 2288 3677 solet,
2331 3617 2653 3688 pereleganti

1623 3686 1922 3751 brevitate,
1937 3690 1970 3742 l.
1989 3692 2042 3755 1,
2057 3710 2104 3747 c.
2125 3695 2188 3748 5:
2206 3695 2648 3763 «Humanam,

1621 3766 1827 3839 inquit,
1875 3769 2028 3823 illum
2063 3773 2264 3846 Calpen
2291 3786 2527 3829 vocant.
2558 3794 2652 3829 co-

1605 3846 1832 3901 -lum-ms
1878 3849 2121 3905 Herculis
2155 3864 2460 3925 utrumque.
2487 3852 2652 3907 Addit

1621 3926 1760 3979 fama
1789 3929 2020 3982 nominis
2046 3930 2280 3985 fabulam
2317 3950 2332 3985 :
2366 3932 2649 3986 Herculem

1620 4005 1799 4077 ipsum
1821 4010 2034 4079 junctos
2069 4010 2195 4063 olim
2223 4024 2483 4084 perpetuo
2519 4014 2650 4084 jugo

1617 4084 1895 4142 diremisse
1911 4088 2085 4153 eolles,
2103 4100 2262 4162 atque
2283 4090 2356 4149 ita
2373 4090 2648 4146 exclusum
