<?xml version="1.0" encoding="UTF-8"?>
<!DOCTYPE html PUBLIC "-//W3C//DTD XHTML 1.0 Transitional//EN"
    "http://www.w3.org/TR/xhtml1/DTD/xhtml1-transitional.dtd">
<html xmlns="http://www.w3.org/1999/xhtml" xml:lang="en" lang="en">
 <head>
  <title>
</title>
<meta http-equiv="Content-Type" content="text/html;charset=utf-8" />
  <meta name='ocr-system' content='tesseract 3.04.00' />
  <meta name='ocr-capabilities' content='ocr_page ocr_carea ocr_par ocr_line ocrx_word'/>
</head>
<body>
  <div class='ocr_page' id='page_1' title='image "./caiipliniisecun06plingoog_0013.png"; bbox 0 0 2950 5017; ppageno 0'>
   <div class='ocr_carea' id='block_1_1' title="bbox 418 411 2162 519">
    <p class='ocr_par' dir='ltr' id='par_1_1' title="bbox 418 411 2162 519">
     <span class='ocr_line' id='line_1_1' title="bbox 418 411 2162 519; baseline 0 -28"><span class='ocrx_word' id='word_1_1' title='bbox 418 416 540 519; x_wconf 73' lang='lat' dir='ltr'><strong>viij</strong></span> <span class='ocrx_word' id='word_1_2' title='bbox 803 417 1216 495; x_wconf 78' lang='lat' dir='ltr'>PRAEMON</span> <span class='ocrx_word' id='word_1_3' title='bbox 1224 411 1413 492; x_wconf 83' lang='lat' dir='ltr'><strong>mo</strong></span> <span class='ocrx_word' id='word_1_4' title='bbox 1462 420 1591 492; x_wconf 78' lang='lat' dir='ltr'><strong>AD</strong></span> <span class='ocrx_word' id='word_1_5' title='bbox 1641 421 2162 493; x_wconf 80' lang='lat' dir='ltr'>LECTOREM,</span> 
     </span>
    </p>
   </div>
   <div class='ocr_carea' id='block_1_2' title="bbox 412 544 2582 3805">
    <p class='ocr_par' dir='ltr' id='par_1_2' title="bbox 412 544 2580 2014">
     <span class='ocr_line' id='line_1_2' title="bbox 418 544 2577 635; baseline -0 -24"><span class='ocrx_word' id='word_1_6' title='bbox 418 550 671 612; x_wconf 64' lang='lat' dir='ltr'><strong>Burni</strong></span> <span class='ocrx_word' id='word_1_7' title='bbox 706 554 795 611; x_wconf 75' lang='lat' dir='ltr'><strong>hu</strong></span> <span class='ocrx_word' id='word_1_8' title='bbox 840 547 1102 611; x_wconf 70' lang='lat' dir='ltr'><strong>Bocmn</strong></span> <span class='ocrx_word' id='word_1_9' title='bbox 1122 593 1143 628; x_wconf 93' lang='lat'><strong>,</strong></span> <span class='ocrx_word' id='word_1_10' title='bbox 1178 544 1295 634; x_wconf 89' lang='lat' dir='ltr'><strong>qui</strong></span> <span class='ocrx_word' id='word_1_11' title='bbox 1326 562 1465 609; x_wconf 88' lang='lat' dir='ltr'><strong>non</strong></span> <span class='ocrx_word' id='word_1_12' title='bbox 1502 560 1678 609; x_wconf 86' lang='lat' dir='ltr'><strong>totus</strong></span> <span class='ocrx_word' id='word_1_13' title='bbox 1713 544 2160 635; x_wconf 78' lang='lat' dir='ltr'><strong>geographicae</strong></span> <span class='ocrx_word' id='word_1_14' title='bbox 2196 544 2480 611; x_wconf 76' lang='lat' dir='ltr'><strong>scientiae·</strong></span> <span class='ocrx_word' id='word_1_15' title='bbox 2511 562 2577 610; x_wconf 89' lang='lat' dir='ltr'><strong>et</strong></span> 
     </span>
     <span class='ocr_line' id='line_1_3' title="bbox 413 648 2576 740; baseline -0.001 -23"><span class='ocrx_word' id='word_1_16' title='bbox 413 652 637 717; x_wconf 86' lang='lat' dir='ltr'><strong>amicis</strong></span> <span class='ocrx_word' id='word_1_17' title='bbox 668 665 1061 740; x_wconf 83' lang='lat' dir='ltr'><strong>praereptus,</strong></span> <span class='ocrx_word' id='word_1_18' title='bbox 1096 664 1422 739; x_wconf 85' lang='lat' dir='ltr'><strong>superstes</strong></span> <span class='ocrx_word' id='word_1_19' title='bbox 1448 648 1738 739; x_wconf 87' lang='lat' dir='ltr'><strong>quodam</strong></span> <span class='ocrx_word' id='word_1_20' title='bbox 1767 648 1969 714; x_wconf 90' lang='lat' dir='ltr'><strong>modo</strong></span> <span class='ocrx_word' id='word_1_21' title='bbox 2001 648 2126 714; x_wconf 89' lang='lat' dir='ltr'><strong>sibi</strong></span> <span class='ocrx_word' id='word_1_22' title='bbox 2142 649 2304 715; x_wconf 79' lang='lat' dir='ltr'><strong>vivit</strong></span> <span class='ocrx_word' id='word_1_23' title='bbox 2338 650 2406 714; x_wconf 89' lang='lat' dir='ltr'><strong>in</strong></span> <span class='ocrx_word' id='word_1_24' title='bbox 2441 649 2576 714; x_wconf 84' lang='lat' dir='ltr'><strong>filio</strong></span> 
     </span>
     <span class='ocr_line' id='line_1_4' title="bbox 414 752 2573 845; baseline -0 -24"><span class='ocrx_word' id='word_1_25' title='bbox 414 781 552 822; x_wconf 92' lang='lat' dir='ltr'><strong>non</strong></span> <span class='ocrx_word' id='word_1_26' title='bbox 576 757 777 823; x_wconf 87' lang='lat' dir='ltr'><strong>semel</strong></span> <span class='ocrx_word' id='word_1_27' title='bbox 797 752 882 821; x_wconf 91' lang='lat' dir='ltr'><strong>de</strong></span> <span class='ocrx_word' id='word_1_28' title='bbox 910 778 1017 820; x_wconf 94' lang='lat' dir='ltr'><strong>me</strong></span> <span class='ocrx_word' id='word_1_29' title='bbox 1048 752 1131 820; x_wconf 86' lang='lat' dir='ltr'><strong>ad</strong></span> <span class='ocrx_word' id='word_1_30' title='bbox 1163 754 1295 820; x_wconf 90' lang='lat' dir='ltr'><strong>hoc</strong></span> <span class='ocrx_word' id='word_1_31' title='bbox 1316 754 1800 820; x_wconf 87' lang='lat' dir='ltr'><strong>conficiendum</strong></span> <span class='ocrx_word' id='word_1_32' title='bbox 1828 778 1995 845; x_wconf 91' lang='lat' dir='ltr'><strong>opus</strong></span> <span class='ocrx_word' id='word_1_33' title='bbox 2020 755 2273 845; x_wconf 89' lang='lat' dir='ltr'><strong>optime</strong></span> <span class='ocrx_word' id='word_1_34' title='bbox 2308 756 2573 837; x_wconf 89' lang='lat' dir='ltr'><strong>merito;</strong></span> 
     </span>
     <span class='ocr_line' id='line_1_5' title="bbox 414 859 2572 949; baseline -0.002 -19"><span class='ocrx_word' id='word_1_35' title='bbox 414 863 691 931; x_wconf 86' lang='lat' dir='ltr'><strong>doctum</strong></span> <span class='ocrx_word' id='word_1_36' title='bbox 743 862 1059 927; x_wconf 80' lang='lat' dir='ltr'><strong>viatorem</strong></span> <span class='ocrx_word' id='word_1_37' title='bbox 1106 860 1576 938; x_wconf 70' lang='lat' dir='ltr'><strong>PonQunvtnnn</strong></span> <span class='ocrx_word' id='word_1_38' title='bbox 1599 910 1617 939; x_wconf 90' lang='lat'>‚</span> <span class='ocrx_word' id='word_1_39' title='bbox 1659 862 1775 949; x_wconf 88' lang='lat' dir='ltr'><strong>qui</strong></span> <span class='ocrx_word' id='word_1_40' title='bbox 1811 876 1912 925; x_wconf 92' lang='lat' dir='ltr'><strong>tot</strong></span> <span class='ocrx_word' id='word_1_41' title='bbox 1941 859 2087 926; x_wconf 90' lang='lat' dir='ltr'><strong>loca</strong></span> <span class='ocrx_word' id='word_1_42' title='bbox 2132 860 2204 925; x_wconf 92' lang='lat' dir='ltr'><strong>in</strong></span> <span class='ocrx_word' id='word_1_43' title='bbox 2241 883 2317 926; x_wconf 86' lang='lat' dir='ltr'><strong>ea</strong></span> <span class='ocrx_word' id='word_1_44' title='bbox 2345 862 2572 926; x_wconf 86' lang='lat' dir='ltr'><strong>saltem</strong></span> 
     </span>
     <span class='ocr_line' id='line_1_6' title="bbox 417 964 2576 1059; baseline -0.001 -25"><span class='ocrx_word' id='word_1_45' title='bbox 417 970 682 1047; x_wconf 80' lang='lat' dir='ltr'><strong>Graeciae</strong></span> <span class='ocrx_word' id='word_1_46' title='bbox 712 984 933 1059; x_wconf 89' lang='lat' dir='ltr'><strong>parte,</strong></span> <span class='ocrx_word' id='word_1_47' title='bbox 964 966 1242 1058; x_wconf 87' lang='lat' dir='ltr'><strong>Epirum</strong></span> <span class='ocrx_word' id='word_1_48' title='bbox 1275 966 1458 1051; x_wconf 88' lang='lat' dir='ltr'><strong>dico,</strong></span> <span class='ocrx_word' id='word_1_49' title='bbox 1487 971 1674 1049; x_wconf 85' lang='lat' dir='ltr'><strong>cujus</strong></span> <span class='ocrx_word' id='word_1_50' title='bbox 1700 966 2173 1033; x_wconf 71' lang='lat' dir='ltr'><strong>accuratiorem</strong></span> <span class='ocrx_word' id='word_1_51' title='bbox 2196 964 2576 1056; x_wconf 84' lang='lat' dir='ltr'><strong>descriptio-</strong></span> 
     </span>
     <span class='ocr_line' id='line_1_7' title="bbox 414 1072 2575 1163; baseline -0.001 -24"><span class='ocrx_word' id='word_1_52' title='bbox 414 1098 569 1140; x_wconf 86' lang='lat' dir='ltr'><strong>nem</strong></span> <span class='ocrx_word' id='word_1_53' title='bbox 620 1072 975 1141; x_wconf 84' lang='lat' dir='ltr'><strong>desiderari</strong></span> <span class='ocrx_word' id='word_1_54' title='bbox 1024 1089 1321 1163; x_wconf 85' lang='lat' dir='ltr'><strong>tempore</strong></span> <span class='ocrx_word' id='word_1_55' title='bbox 1366 1096 1490 1138; x_wconf 90' lang='lat' dir='ltr'><strong>suo</strong></span> <span class='ocrx_word' id='word_1_56' title='bbox 1531 1072 1860 1139; x_wconf 83' lang='lat' dir='ltr'><strong>fatebatur</strong></span> <span class='ocrx_word' id='word_1_57' title='bbox 1909 1072 2266 1139; x_wconf 69' lang='lat' dir='ltr'><strong>n&#39;Anvltmz</strong></span> <span class='ocrx_word' id='word_1_58' title='bbox 2285 1121 2305 1156; x_wconf 97' lang='lat'><strong>,</strong></span> <span class='ocrx_word' id='word_1_59' title='bbox 2365 1073 2575 1163; x_wconf 84' lang='lat' dir='ltr'><strong>sagaci</strong></span> 
     </span>
     <span class='ocr_line' id='line_1_8' title="bbox 412 1175 2574 1270; baseline -0.001 -26"><span class='ocrx_word' id='word_1_60' title='bbox 412 1180 638 1245; x_wconf 89' lang='lat' dir='ltr'><strong>animo</strong></span> <span class='ocrx_word' id='word_1_61' title='bbox 684 1195 753 1243; x_wconf 93' lang='lat' dir='ltr'><strong>et</strong></span> <span class='ocrx_word' id='word_1_62' title='bbox 786 1175 1127 1243; x_wconf 80' lang='lat' dir='ltr'><strong>indefessis</strong></span> <span class='ocrx_word' id='word_1_63' title='bbox 1159 1176 1499 1244; x_wconf 78' lang='lat' dir='ltr'><strong>laboribus</strong></span> <span class='ocrx_word' id='word_1_64' title='bbox 1544 1179 1930 1270; x_wconf 76' lang='lat' dir='ltr'><strong>recognovit</strong></span> <span class='ocrx_word' id='word_1_65' title='bbox 1973 1177 2269 1268; x_wconf 80' lang='lat' dir='ltr'><strong>primus3</strong></span> <span class='ocrx_word' id='word_1_66' title='bbox 2325 1178 2574 1242; x_wconf 85' lang='lat' dir='ltr'><strong>clarum</strong></span> 
     </span>
     <span class='ocr_line' id='line_1_9' title="bbox 412 1282 2576 1375; baseline -0.001 -23"><span class='ocrx_word' id='word_1_67' title='bbox 412 1289 651 1367; x_wconf 72' lang='lat' dir='ltr'><strong>an,</strong></span> <span class='ocrx_word' id='word_1_68' title='bbox 679 1285 868 1366; x_wconf 88' lang='lat' dir='ltr'><strong>cujus</strong></span> <span class='ocrx_word' id='word_1_69' title='bbox 901 1282 1237 1375; x_wconf 82' lang='lat' dir='ltr'><strong>diligentia</strong></span> <span class='ocrx_word' id='word_1_70' title='bbox 1256 1306 1469 1375; x_wconf 89' lang='lat' dir='ltr'><strong>nuper</strong></span> <span class='ocrx_word' id='word_1_71' title='bbox 1490 1284 1560 1349; x_wconf 89' lang='lat' dir='ltr'><strong>in</strong></span> <span class='ocrx_word' id='word_1_72' title='bbox 1590 1286 1805 1351; x_wconf 87' lang='lat' dir='ltr'><strong>lucem</strong></span> <span class='ocrx_word' id='word_1_73' title='bbox 1835 1284 2080 1375; x_wconf 89' lang='lat' dir='ltr'><strong>prodiit</strong></span> <span class='ocrx_word' id='word_1_74' title='bbox 2101 1282 2442 1375; x_wconf 78' lang='lat' dir='ltr'><strong>magnifica</strong></span> <span class='ocrx_word' id='word_1_75' title='bbox 2469 1284 2576 1349; x_wconf 88' lang='lat' dir='ltr'><strong>illa</strong></span> 
     </span>
     <span class='ocr_line' id='line_1_10' title="bbox 413 1389 2576 1482; baseline -0.002 -22"><span class='ocrx_word' id='word_1_76' title='bbox 413 1392 676 1460; x_wconf 77' lang='lat' dir='ltr'><strong>Graeciae</strong></span> <span class='ocrx_word' id='word_1_77' title='bbox 712 1413 984 1480; x_wconf 84' lang='lat' dir='ltr'><strong>mappa,</strong></span> <span class='ocrx_word' id='word_1_78' title='bbox 1018 1412 1149 1479; x_wconf 86' lang='lat' dir='ltr'><strong>qua</strong></span> <span class='ocrx_word' id='word_1_79' title='bbox 1184 1404 1316 1457; x_wconf 87' lang='lat' dir='ltr'><strong>tam</strong></span> <span class='ocrx_word' id='word_1_80' title='bbox 1357 1390 1583 1456; x_wconf 87' lang='lat' dir='ltr'><strong>multis</strong></span> <span class='ocrx_word' id='word_1_81' title='bbox 1619 1389 2066 1482; x_wconf 85' lang='lat' dir='ltr'><strong>geographicis</strong></span> <span class='ocrx_word' id='word_1_82' title='bbox 2097 1389 2409 1480; x_wconf 86' lang='lat' dir='ltr'><strong>operibus</strong></span> <span class='ocrx_word' id='word_1_83' title='bbox 2442 1392 2576 1456; x_wconf 89' lang='lat' dir='ltr'><strong>suis</strong></span> 
     </span>
     <span class='ocr_line' id='line_1_11' title="bbox 414 1482 2577 1589; baseline -0.001 -26"><span class='ocrx_word' id='word_1_84' title='bbox 414 1498 603 1589; x_wconf 89' lang='lat' dir='ltr'><strong>quasi</strong></span> <span class='ocrx_word' id='word_1_85' title='bbox 636 1498 982 1563; x_wconf 80' lang='lat' dir='ltr'><strong>cumulum</strong></span> <span class='ocrx_word' id='word_1_86' title='bbox 1009 1496 1346 1587; x_wconf 60' lang='lat' dir='ltr'><strong>imposuitz</strong></span> <span class='ocrx_word' id='word_1_87' title='bbox 1391 1497 1659 1587; x_wconf 86' lang='lat' dir='ltr'><strong>Neque,</strong></span> <span class='ocrx_word' id='word_1_88' title='bbox 1687 1520 1898 1587; x_wconf 89' lang='lat' dir='ltr'><strong>quum</strong></span> <span class='ocrx_word' id='word_1_89' title='bbox 1936 1482 2241 1562; x_wconf 79' lang='lat' dir='ltr'><strong>manibus</strong></span> <span class='ocrx_word' id='word_1_90' title='bbox 2277 1498 2577 1561; x_wconf 88' lang='lat' dir='ltr'><strong>omnium</strong></span> 
     </span>
     <span class='ocr_line' id='line_1_12' title="bbox 412 1601 2577 1692; baseline -0.001 -24"><span class='ocrx_word' id='word_1_91' title='bbox 412 1620 760 1669; x_wconf 81' lang='lat' dir='ltr'><strong>versentur</strong></span> <span class='ocrx_word' id='word_1_92' title='bbox 791 1617 893 1668; x_wconf 89' lang='lat' dir='ltr'><strong>tot</strong></span> <span class='ocrx_word' id='word_1_93' title='bbox 924 1601 1475 1691; x_wconf 84' lang='lat' dir='ltr'><strong>peritissimorum</strong></span> <span class='ocrx_word' id='word_1_94' title='bbox 1515 1603 1810 1667; x_wconf 83' lang='lat' dir='ltr'><strong>virorum</strong></span> <span class='ocrx_word' id='word_1_95' title='bbox 1850 1621 2084 1692; x_wconf 85' lang='lat' dir='ltr'><strong>opera,</strong></span> <span class='ocrx_word' id='word_1_96' title='bbox 2116 1602 2358 1667; x_wconf 82' lang='lat' dir='ltr'><strong>mirum</strong></span> <span class='ocrx_word' id='word_1_97' title='bbox 2392 1618 2490 1667; x_wconf 91' lang='lat' dir='ltr'><strong>est</strong></span> <span class='ocrx_word' id='word_1_98' title='bbox 2523 1602 2577 1666; x_wconf 90' lang='lat' dir='ltr'><strong>si</strong></span> 
     </span>
     <span class='ocr_line' id='line_1_13' title="bbox 414 1705 2580 1803; baseline -0.001 -27"><span class='ocrx_word' id='word_1_99' title='bbox 414 1732 680 1801; x_wconf 79' lang='lat' dir='ltr'><strong>mappas</strong></span> <span class='ocrx_word' id='word_1_100' title='bbox 696 1758 715 1795; x_wconf 92' lang='lat'><strong>,</strong></span> <span class='ocrx_word' id='word_1_101' title='bbox 742 1730 904 1799; x_wconf 88' lang='lat' dir='ltr'><strong>quas</strong></span> <span class='ocrx_word' id='word_1_102' title='bbox 930 1732 1053 1801; x_wconf 88' lang='lat' dir='ltr'><strong>ego</strong></span> <span class='ocrx_word' id='word_1_103' title='bbox 1080 1709 1239 1774; x_wconf 85' lang='lat' dir='ltr'><strong>huic</strong></span> <span class='ocrx_word' id='word_1_104' title='bbox 1261 1708 1448 1800; x_wconf 91' lang='lat' dir='ltr'><strong>operi</strong></span> <span class='ocrx_word' id='word_1_105' title='bbox 1469 1725 1691 1803; x_wconf 90' lang='lat' dir='ltr'><strong>aptare</strong></span> <span class='ocrx_word' id='word_1_106' title='bbox 1717 1708 2008 1799; x_wconf 90' lang='lat' dir='ltr'><strong>primum</strong></span> <span class='ocrx_word' id='word_1_107' title='bbox 2039 1710 2262 1775; x_wconf 91' lang='lat' dir='ltr'><strong>animo</strong></span> <span class='ocrx_word' id='word_1_108' title='bbox 2295 1705 2580 1774; x_wconf 88' lang='lat' dir='ltr'><strong>destina-</strong></span> 
     </span>
     <span class='ocr_line' id='line_1_14' title="bbox 413 1814 2578 1905; baseline -0.001 -23"><span class='ocrx_word' id='word_1_109' title='bbox 413 1840 669 1901; x_wconf 83' lang='lat' dir='ltr'><strong>veram,</strong></span> <span class='ocrx_word' id='word_1_110' title='bbox 708 1839 864 1880; x_wconf 85' lang='lat' dir='ltr'><strong>mox</strong></span> <span class='ocrx_word' id='word_1_111' title='bbox 897 1832 974 1880; x_wconf 93' lang='lat' dir='ltr'><strong>ut</strong></span> <span class='ocrx_word' id='word_1_112' title='bbox 1012 1828 1570 1904; x_wconf 79' lang='lat' dir='ltr'><strong>supervacaneum</strong></span> <span class='ocrx_word' id='word_1_113' title='bbox 1605 1814 1800 1879; x_wconf 88' lang='lat' dir='ltr'><strong>simul</strong></span> <span class='ocrx_word' id='word_1_114' title='bbox 1840 1838 1917 1881; x_wconf 90' lang='lat' dir='ltr'><strong>ac</strong></span> <span class='ocrx_word' id='word_1_115' title='bbox 1951 1815 2374 1881; x_wconf 86' lang='lat' dir='ltr'><strong>temerarium</strong></span> <span class='ocrx_word' id='word_1_116' title='bbox 2408 1837 2578 1905; x_wconf 90' lang='lat' dir='ltr'><strong>opus</strong></span> 
     </span>
     <span class='ocr_line' id='line_1_15' title="bbox 414 1918 1218 2014; baseline -0.004 -27"><span class='ocrx_word' id='word_1_117' title='bbox 414 1918 679 2014; x_wconf 83' lang='lat' dir='ltr'><strong>aggredi</strong></span> <span class='ocrx_word' id='word_1_118' title='bbox 709 1919 1218 2011; x_wconf 88' lang='lat' dir='ltr'><strong>supersederim.</strong></span> 
     </span>
    </p>

    <p class='ocr_par' dir='ltr' id='par_1_3' title="bbox 413 2020 2582 3805">
     <span class='ocr_line' id='line_1_16' title="bbox 506 2020 2580 2115; baseline 0 -24"><span class='ocrx_word' id='word_1_119' title='bbox 506 2026 627 2109; x_wconf 91' lang='lat' dir='ltr'><strong>Hi,</strong></span> <span class='ocrx_word' id='word_1_120' title='bbox 661 2028 872 2091; x_wconf 93' lang='lat' dir='ltr'><strong>lector</strong></span> <span class='ocrx_word' id='word_1_121' title='bbox 901 2026 1190 2115; x_wconf 81' lang='lat' dir='ltr'><strong>optime,</strong></span> <span class='ocrx_word' id='word_1_122' title='bbox 1236 2020 1509 2091; x_wconf 87' lang='lat' dir='ltr'><strong>fuerunt</strong></span> <span class='ocrx_word' id='word_1_123' title='bbox 1544 2024 1744 2091; x_wconf 79' lang='lat' dir='ltr'><strong>duces</strong></span> <span class='ocrx_word' id='word_1_124' title='bbox 1786 2027 1955 2111; x_wconf 80' lang='lat' dir='ltr'><strong>mci,</strong></span> <span class='ocrx_word' id='word_1_125' title='bbox 1995 2026 2204 2091; x_wconf 84' lang='lat' dir='ltr'><strong>immo</strong></span> <span class='ocrx_word' id='word_1_126' title='bbox 2247 2048 2580 2105; x_wconf 50' lang='lat' dir='ltr'><strong>‚nonnun-</strong></span> 
     </span>
     <span class='ocr_line' id='line_1_17' title="bbox 420 2126 2576 2222; baseline 0 -25"><span class='ocrx_word' id='word_1_127' title='bbox 420 2155 621 2222; x_wconf 88' lang='lat' dir='ltr'><strong>quam</strong></span> <span class='ocrx_word' id='word_1_128' title='bbox 674 2148 742 2197; x_wconf 90' lang='lat' dir='ltr'><strong>et</strong></span> <span class='ocrx_word' id='word_1_129' title='bbox 790 2130 1140 2214; x_wconf 72' lang='lat' dir='ltr'><strong>adjutores.</strong></span> <span class='ocrx_word' id='word_1_130' title='bbox 1190 2130 1347 2195; x_wconf 88' lang='lat' dir='ltr'><strong>Non</strong></span> <span class='ocrx_word' id='word_1_131' title='bbox 1402 2147 1622 2196; x_wconf 88' lang='lat' dir='ltr'><strong>tamen</strong></span> <span class='ocrx_word' id='word_1_132' title='bbox 1669 2126 1927 2196; x_wconf 89' lang='lat' dir='ltr'><strong>nullum</strong></span> <span class='ocrx_word' id='word_1_133' title='bbox 1971 2132 2263 2197; x_wconf 79' lang='lat' dir='ltr'><strong>invenies</strong></span> <span class='ocrx_word' id='word_1_134' title='bbox 2305 2132 2531 2198; x_wconf 89' lang='lat' dir='ltr'><strong>locum</strong></span> <span class='ocrx_word' id='word_1_135' title='bbox 2557 2181 2576 2216; x_wconf 88' lang='lat'><strong>,</strong></span> 
     </span>
     <span class='ocr_line' id='line_1_18' title="bbox 418 2235 2575 2330; baseline 0 -27"><span class='ocrx_word' id='word_1_136' title='bbox 418 2237 779 2330; x_wconf 85' lang='lat' dir='ltr'><strong>praesertim</strong></span> <span class='ocrx_word' id='word_1_137' title='bbox 834 2238 902 2301; x_wconf 90' lang='lat' dir='ltr'><strong>in</strong></span> <span class='ocrx_word' id='word_1_138' title='bbox 965 2235 1297 2326; x_wconf 88' lang='lat' dir='ltr'><strong>prioribus</strong></span> <span class='ocrx_word' id='word_1_139' title='bbox 1356 2236 1541 2301; x_wconf 89' lang='lat' dir='ltr'><strong>libris</strong></span> <span class='ocrx_word' id='word_1_140' title='bbox 1603 2236 1867 2303; x_wconf 87' lang='lat' dir='ltr'><strong>duobus</strong></span> <span class='ocrx_word' id='word_1_141' title='bbox 1884 2286 1904 2322; x_wconf 91' lang='lat'><strong>,</strong></span> <span class='ocrx_word' id='word_1_142' title='bbox 1962 2248 2101 2329; x_wconf 82' lang='lat' dir='ltr'><strong>quo</strong></span> <span class='ocrx_word' id='word_1_143' title='bbox 2163 2240 2575 2321; x_wconf 87' lang='lat' dir='ltr'><strong>conjecturas</strong></span> 
     </span>
     <span class='ocr_line' id='line_1_19' title="bbox 418 2340 2578 2434; baseline 0 -26"><span class='ocrx_word' id='word_1_144' title='bbox 418 2366 631 2426; x_wconf 89' lang='lat' dir='ltr'><strong>meas,</strong></span> <span class='ocrx_word' id='word_1_145' title='bbox 660 2341 973 2407; x_wconf 88' lang='lat' dir='ltr'><strong>omnibus</strong></span> <span class='ocrx_word' id='word_1_146' title='bbox 1008 2340 1461 2406; x_wconf 87' lang='lat' dir='ltr'><strong>deficientibus</strong></span> <span class='ocrx_word' id='word_1_147' title='bbox 1499 2342 1788 2425; x_wconf 80' lang='lat' dir='ltr'><strong>auxiliis,</strong></span> <span class='ocrx_word' id='word_1_148' title='bbox 1811 2344 1951 2433; x_wconf 90' lang='lat' dir='ltr'><strong>ipse</strong></span> <span class='ocrx_word' id='word_1_149' title='bbox 1982 2366 2350 2434; x_wconf 85' lang='lat' dir='ltr'><strong>proponere</strong></span> <span class='ocrx_word' id='word_1_150' title='bbox 2375 2360 2578 2409; x_wconf 85' lang='lat' dir='ltr'><strong>ausus</strong></span> 
     </span>
     <span class='ocr_line' id='line_1_20' title="bbox 419 2447 2581 2539; baseline 0.001 -26"><span class='ocrx_word' id='word_1_151' title='bbox 419 2448 697 2532; x_wconf 86' lang='lat' dir='ltr'><strong>fuerim,</strong></span> <span class='ocrx_word' id='word_1_152' title='bbox 731 2471 806 2514; x_wconf 88' lang='lat' dir='ltr'><strong>ea</strong></span> <span class='ocrx_word' id='word_1_153' title='bbox 844 2464 1101 2531; x_wconf 89' lang='lat' dir='ltr'><strong>tamen,</strong></span> <span class='ocrx_word' id='word_1_154' title='bbox 1150 2464 1226 2513; x_wconf 86' lang='lat' dir='ltr'><strong>ut</strong></span> <span class='ocrx_word' id='word_1_155' title='bbox 1257 2470 1471 2537; x_wconf 78' lang='lat' dir='ltr'><strong>spem,</strong></span> <span class='ocrx_word' id='word_1_156' title='bbox 1511 2447 1862 2533; x_wconf 84' lang='lat' dir='ltr'><strong>modestia,</strong></span> <span class='ocrx_word' id='word_1_157' title='bbox 1898 2472 2078 2539; x_wconf 82' lang='lat' dir='ltr'><strong>quae,</strong></span> <span class='ocrx_word' id='word_1_158' title='bbox 2129 2452 2184 2516; x_wconf 87' lang='lat' dir='ltr'><strong>si</strong></span> <span class='ocrx_word' id='word_1_159' title='bbox 2221 2474 2328 2515; x_wconf 89' lang='lat' dir='ltr'><strong>me</strong></span> <span class='ocrx_word' id='word_1_160' title='bbox 2362 2464 2581 2516; x_wconf 81' lang='lat' dir='ltr'><strong>errare</strong></span> 
     </span>
     <span class='ocr_line' id='line_1_21' title="bbox 413 2554 2579 2646; baseline 0.001 -27"><span class='ocrx_word' id='word_1_161' title='bbox 413 2554 831 2639; x_wconf 81' lang='lat' dir='ltr'><strong>judicaveris,</strong></span> <span class='ocrx_word' id='word_1_162' title='bbox 857 2555 1114 2618; x_wconf 86' lang='lat' dir='ltr'><strong>veniam</strong></span> <span class='ocrx_word' id='word_1_163' title='bbox 1145 2576 1183 2618; x_wconf 85' lang='lat' dir='ltr'><strong>a</strong></span> <span class='ocrx_word' id='word_1_164' title='bbox 1213 2570 1313 2637; x_wconf 89' lang='lat' dir='ltr'><strong>te,</strong></span> <span class='ocrx_word' id='word_1_165' title='bbox 1340 2554 1548 2619; x_wconf 87' lang='lat' dir='ltr'><strong>lector</strong></span> <span class='ocrx_word' id='word_1_166' title='bbox 1580 2556 1940 2640; x_wconf 84' lang='lat' dir='ltr'><strong>benevole,</strong></span> <span class='ocrx_word' id='word_1_167' title='bbox 1974 2556 2365 2646; x_wconf 87' lang='lat' dir='ltr'><strong>impetrandi</strong></span> <span class='ocrx_word' id='word_1_168' title='bbox 2389 2572 2579 2646; x_wconf 84' lang='lat' dir='ltr'><strong>spem</strong></span> 
     </span>
     <span class='ocr_line' id='line_1_22' title="bbox 420 2659 2576 2751; baseline 0 -25"><span class='ocrx_word' id='word_1_169' title='bbox 420 2662 585 2727; x_wconf 88' lang='lat' dir='ltr'><strong>mihi</strong></span> <span class='ocrx_word' id='word_1_170' title='bbox 618 2661 789 2726; x_wconf 89' lang='lat' dir='ltr'><strong>facit.</strong></span> <span class='ocrx_word' id='word_1_171' title='bbox 820 2660 1037 2745; x_wconf 87' lang='lat' dir='ltr'><strong>Quam</strong></span> <span class='ocrx_word' id='word_1_172' title='bbox 1071 2683 1156 2724; x_wconf 93' lang='lat' dir='ltr'><strong>ne</strong></span> <span class='ocrx_word' id='word_1_173' title='bbox 1191 2659 1535 2726; x_wconf 88' lang='lat' dir='ltr'><strong>defraudes</strong></span> <span class='ocrx_word' id='word_1_174' title='bbox 1581 2683 1834 2751; x_wconf 80' lang='lat' dir='ltr'><strong>precor,</strong></span> <span class='ocrx_word' id='word_1_175' title='bbox 1873 2680 2017 2729; x_wconf 90' lang='lat' dir='ltr'><strong>tum</strong></span> <span class='ocrx_word' id='word_1_176' title='bbox 2045 2664 2114 2728; x_wconf 84' lang='lat' dir='ltr'><strong>in</strong></span> <span class='ocrx_word' id='word_1_177' title='bbox 2148 2662 2314 2746; x_wconf 91' lang='lat' dir='ltr'><strong>hoc,</strong></span> <span class='ocrx_word' id='word_1_178' title='bbox 2343 2679 2487 2728; x_wconf 89' lang='lat' dir='ltr'><strong>tum</strong></span> <span class='ocrx_word' id='word_1_179' title='bbox 2517 2664 2576 2727; x_wconf 87' lang='lat' dir='ltr'><strong>si</strong></span> 
     </span>
     <span class='ocr_line' id='line_1_23' title="bbox 419 2758 2576 2859; baseline 0.001 -27"><span class='ocrx_word' id='word_1_180' title='bbox 419 2766 585 2857; x_wconf 90' lang='lat' dir='ltr'><strong>quid</strong></span> <span class='ocrx_word' id='word_1_181' title='bbox 611 2766 791 2831; x_wconf 88' lang='lat' dir='ltr'><strong>aliud</strong></span> <span class='ocrx_word' id='word_1_182' title='bbox 821 2758 1441 2856; x_wconf 88' lang='lat' dir='ltr'><strong>reprehendendum</strong></span> <span class='ocrx_word' id='word_1_183' title='bbox 1473 2766 1886 2833; x_wconf 84' lang='lat' dir='ltr'><strong>offenderis’</strong></span> <span class='ocrx_word' id='word_1_184' title='bbox 1868 2788 1939 2833; x_wconf 85' lang='lat' dir='ltr'><strong>m</strong></span> <span class='ocrx_word' id='word_1_185' title='bbox 1971 2792 2169 2859; x_wconf 87' lang='lat' dir='ltr'><strong>opere</strong></span> <span class='ocrx_word' id='word_1_186' title='bbox 2198 2769 2364 2852; x_wconf 89' lang='lat' dir='ltr'><strong>isto,</strong></span> <span class='ocrx_word' id='word_1_187' title='bbox 2393 2758 2576 2859; x_wconf 85' lang='lat' dir='ltr'><strong>quod</strong></span> 
     </span>
     <span class='ocr_line' id='line_1_24' title="bbox 420 2868 2574 2965; baseline 0.002 -28"><span class='ocrx_word' id='word_1_188' title='bbox 420 2889 627 2937; x_wconf 85' lang='lat' dir='ltr'><strong>totam</strong></span> <span class='ocrx_word' id='word_1_189' title='bbox 684 2870 806 2937; x_wconf 80' lang='lat' dir='ltr'><strong>viri</strong></span> <span class='ocrx_word' id='word_1_190' title='bbox 860 2892 967 2935; x_wconf 88' lang='lat' dir='ltr'><strong>me</strong></span> <span class='ocrx_word' id='word_1_191' title='bbox 1024 2868 1336 2936; x_wconf 88' lang='lat' dir='ltr'><strong>doctioris</strong></span> <span class='ocrx_word' id='word_1_192' title='bbox 1394 2871 1594 2937; x_wconf 79' lang='lat' dir='ltr'><strong>vitam</strong></span> <span class='ocrx_word' id='word_1_193' title='bbox 1645 2874 1832 2938; x_wconf 88' lang='lat' dir='ltr'><strong>facile</strong></span> <span class='ocrx_word' id='word_1_194' title='bbox 1886 2874 2440 2965; x_wconf 85' lang='lat' dir='ltr'><strong>consumpsisset,</strong></span> <span class='ocrx_word' id='word_1_195' title='bbox 2504 2889 2574 2941; x_wconf 87' lang='lat' dir='ltr'><strong>et</strong></span> 
     </span>
     <span class='ocr_line' id='line_1_25' title="bbox 421 2976 2582 3067; baseline 0.001 -25"><span class='ocrx_word' id='word_1_196' title='bbox 421 2976 607 3067; x_wconf 91' lang='lat' dir='ltr'><strong>quod</strong></span> <span class='ocrx_word' id='word_1_197' title='bbox 628 2993 845 3043; x_wconf 86' lang='lat' dir='ltr'><strong>tamen</strong></span> <span class='ocrx_word' id='word_1_198' title='bbox 873 2976 1045 3040; x_wconf 89' lang='lat' dir='ltr'><strong>intra</strong></span> <span class='ocrx_word' id='word_1_199' title='bbox 1070 2976 1431 3041; x_wconf 87' lang='lat' dir='ltr'><strong>triennium</strong></span> <span class='ocrx_word' id='word_1_200' title='bbox 1458 2978 1712 3043; x_wconf 84' lang='lat' dir='ltr'><strong>confeci</strong></span> <span class='ocrx_word' id='word_1_201' title='bbox 1729 3027 1749 3062; x_wconf 98' lang='lat'><strong>,</strong></span> <span class='ocrx_word' id='word_1_202' title='bbox 1782 3002 1918 3044; x_wconf 92' lang='lat' dir='ltr'><strong>non</strong></span> <span class='ocrx_word' id='word_1_203' title='bbox 1947 2978 2146 3045; x_wconf 88' lang='lat' dir='ltr'><strong>semel</strong></span> <span class='ocrx_word' id='word_1_204' title='bbox 2181 2981 2377 3045; x_wconf 87' lang='lat' dir='ltr'><strong>etiam</strong></span> <span class='ocrx_word' id='word_1_205' title='bbox 2404 2978 2582 3045; x_wconf 69' lang='lat' dir='ltr'><strong>infir·</strong></span> 
     </span>
     <span class='ocr_line' id='line_1_26' title="bbox 424 3080 2578 3150; baseline 0.001 -3"><span class='ocrx_word' id='word_1_206' title='bbox 424 3107 530 3147; x_wconf 88' lang='lat' dir='ltr'><strong>ma</strong></span> <span class='ocrx_word' id='word_1_207' title='bbox 561 3080 934 3147; x_wconf 80' lang='lat' dir='ltr'><strong>valetudine</strong></span> <span class='ocrx_word' id='word_1_208' title='bbox 967 3080 1314 3147; x_wconf 87' lang='lat' dir='ltr'><strong>distractus</strong></span> <span class='ocrx_word' id='word_1_209' title='bbox 1346 3105 1384 3147; x_wconf 87' lang='lat' dir='ltr'><strong>a</strong></span> <span class='ocrx_word' id='word_1_210' title='bbox 1414 3082 1772 3149; x_wconf 81' lang='lat' dir='ltr'><strong>laboribus.</strong></span> <span class='ocrx_word' id='word_1_211' title='bbox 1819 3084 2002 3149; x_wconf 86' lang='lat' dir='ltr'><strong>Inter</strong></span> <span class='ocrx_word' id='word_1_212' title='bbox 2033 3084 2365 3150; x_wconf 82' lang='lat' dir='ltr'><strong>Excursus</strong></span> <span class='ocrx_word' id='word_1_213' title='bbox 2402 3106 2578 3150; x_wconf 87' lang='lat' dir='ltr'><strong>non-</strong></span> 
     </span>
     <span class='ocr_line' id='line_1_27' title="bbox 423 3185 2581 3278; baseline 0.001 -26"><span class='ocrx_word' id='word_1_214' title='bbox 423 3189 640 3253; x_wconf 90' lang='lat' dir='ltr'><strong>nullos</strong></span> <span class='ocrx_word' id='word_1_215' title='bbox 659 3236 677 3270; x_wconf 87' lang='lat'><strong>,</strong></span> <span class='ocrx_word' id='word_1_216' title='bbox 713 3185 953 3275; x_wconf 91' lang='lat' dir='ltr'><strong>quibus</strong></span> <span class='ocrx_word' id='word_1_217' title='bbox 989 3187 1233 3251; x_wconf 84' lang='lat' dir='ltr'><strong>horum</strong></span> <span class='ocrx_word' id='word_1_218' title='bbox 1260 3204 1549 3275; x_wconf 85' lang='lat' dir='ltr'><strong>quatuor</strong></span> <span class='ocrx_word' id='word_1_219' title='bbox 1578 3187 1899 3253; x_wconf 85' lang='lat' dir='ltr'><strong>librorum</strong></span> <span class='ocrx_word' id='word_1_220' title='bbox 1924 3190 2066 3255; x_wconf 90' lang='lat' dir='ltr'><strong>loca</strong></span> <span class='ocrx_word' id='word_1_221' title='bbox 2093 3189 2393 3278; x_wconf 80' lang='lat' dir='ltr'><strong>quaedam</strong></span> <span class='ocrx_word' id='word_1_222' title='bbox 2426 3190 2581 3255; x_wconf 90' lang='lat' dir='ltr'><strong>illu·</strong></span> 
     </span>
     <span class='ocr_line' id='line_1_28' title="bbox 424 3290 2578 3385; baseline 0.002 -27"><span class='ocrx_word' id='word_1_223' title='bbox 424 3294 611 3358; x_wconf 89' lang='lat' dir='ltr'><strong>strari</strong></span> <span class='ocrx_word' id='word_1_224' title='bbox 634 3308 1008 3383; x_wconf 89' lang='lat' dir='ltr'><strong>potuerant,</strong></span> <span class='ocrx_word' id='word_1_225' title='bbox 1025 3290 1193 3357; x_wconf 92' lang='lat' dir='ltr'><strong>duos</strong></span> <span class='ocrx_word' id='word_1_226' title='bbox 1226 3308 1486 3357; x_wconf 90' lang='lat' dir='ltr'><strong>tantum</strong></span> <span class='ocrx_word' id='word_1_227' title='bbox 1515 3294 1709 3384; x_wconf 87' lang='lat' dir='ltr'><strong>selegi</strong></span> <span class='ocrx_word' id='word_1_228' title='bbox 1723 3292 1777 3378; x_wconf 74' lang='lat'><strong>⁴¹,</strong></span> <span class='ocrx_word' id='word_1_229' title='bbox 1799 3292 1878 3358; x_wconf 83' lang='lat' dir='ltr'><strong>de</strong></span> <span class='ocrx_word' id='word_1_230' title='bbox 1895 3294 2209 3360; x_wconf 75' lang='lat' dir='ltr'><strong>mensibus</strong></span> <span class='ocrx_word' id='word_1_231' title='bbox 2223 3296 2578 3385; x_wconf 72' lang='lat' dir='ltr'><strong>AEgyptiz&#39;s,</strong></span> 
     </span>
     <span class='ocr_line' id='line_1_29' title="bbox 426 3398 2579 3483; baseline 0.002 -20"><span class='ocrx_word' id='word_1_232' title='bbox 426 3415 494 3463; x_wconf 91' lang='lat' dir='ltr'><strong>et</strong></span> <span class='ocrx_word' id='word_1_233' title='bbox 505 3400 586 3463; x_wconf 77' lang='lat' dir='ltr'><strong>de</strong></span> <span class='ocrx_word' id='word_1_234' title='bbox 598 3398 903 3477; x_wconf 67' lang='lat' dir='ltr'><strong>Par-adise]</strong></span> <span class='ocrx_word' id='word_1_235' title='bbox 912 3402 1221 3463; x_wconf 50' lang='lat' dir='ltr'><strong>terrestre&amp;</strong></span> <span class='ocrx_word' id='word_1_236' title='bbox 1234 3400 1361 3463; x_wconf 78' lang='lat' dir='ltr'><strong>situ</strong></span> <span class='ocrx_word' id='word_1_237' title='bbox 1379 3414 1750 3483; x_wconf 87' lang='lat' dir='ltr'><strong>tractantes,</strong></span> <span class='ocrx_word' id='word_1_238' title='bbox 1766 3422 1850 3465; x_wconf 89' lang='lat' dir='ltr'><strong>ne</strong></span> <span class='ocrx_word' id='word_1_239' title='bbox 1869 3400 2176 3467; x_wconf 78' lang='lat' dir='ltr'><strong>volumen</strong></span> <span class='ocrx_word' id='word_1_240' title='bbox 2195 3400 2325 3466; x_wconf 90' lang='lat' dir='ltr'><strong>hoc</strong></span> <span class='ocrx_word' id='word_1_241' title='bbox 2339 3424 2579 3467; x_wconf 86' lang='lat' dir='ltr'><strong>secun·</strong></span> 
     </span>
     <span class='ocr_line' id='line_1_30' title="bbox 428 3502 2579 3591; baseline 0.001 -23"><span class='ocrx_word' id='word_1_242' title='bbox 428 3504 591 3569; x_wconf 89' lang='lat' dir='ltr'><strong>dum</strong></span> <span class='ocrx_word' id='word_1_243' title='bbox 610 3552 631 3585; x_wconf 91' lang='lat'><strong>,</strong></span> <span class='ocrx_word' id='word_1_244' title='bbox 664 3502 845 3591; x_wconf 89' lang='lat' dir='ltr'><strong>quod</strong></span> <span class='ocrx_word' id='word_1_245' title='bbox 868 3502 1003 3584; x_wconf 86' lang='lat' dir='ltr'><strong>jam</strong></span> <span class='ocrx_word' id='word_1_246' title='bbox 1030 3502 1099 3566; x_wconf 93' lang='lat' dir='ltr'><strong>in</strong></span> <span class='ocrx_word' id='word_1_247' title='bbox 1135 3518 1351 3591; x_wconf 89' lang='lat' dir='ltr'><strong>partes</strong></span> <span class='ocrx_word' id='word_1_248' title='bbox 1384 3502 1675 3591; x_wconf 86' lang='lat' dir='ltr'><strong>geminas</strong></span> <span class='ocrx_word' id='word_1_249' title='bbox 1709 3505 2037 3569; x_wconf 79' lang='lat' dir='ltr'><strong>resolvere</strong></span> <span class='ocrx_word' id='word_1_250' title='bbox 2063 3505 2272 3570; x_wconf 89' lang='lat' dir='ltr'><strong>coacti</strong></span> <span class='ocrx_word' id='word_1_251' title='bbox 2305 3528 2538 3571; x_wconf 89' lang='lat' dir='ltr'><strong>sumus</strong></span> <span class='ocrx_word' id='word_1_252' title='bbox 2557 3554 2579 3591; x_wconf 90' lang='lat'><strong>,</strong></span> 
     </span>
     <span class='ocr_line' id='line_1_31' title="bbox 430 3607 2580 3697; baseline 0.002 -23"><span class='ocrx_word' id='word_1_253' title='bbox 430 3610 648 3675; x_wconf 89' lang='lat' dir='ltr'><strong>nimiis</strong></span> <span class='ocrx_word' id='word_1_254' title='bbox 680 3607 1266 3697; x_wconf 87' lang='lat' dir='ltr'><strong>disquisitionibus,</strong></span> <span class='ocrx_word' id='word_1_255' title='bbox 1292 3630 1508 3697; x_wconf 89' lang='lat' dir='ltr'><strong>neque</strong></span> <span class='ocrx_word' id='word_1_256' title='bbox 1535 3610 1624 3674; x_wconf 90' lang='lat' dir='ltr'><strong>ita</strong></span> <span class='ocrx_word' id='word_1_257' title='bbox 1649 3610 2022 3676; x_wconf 86' lang='lat' dir='ltr'><strong>necessariis</strong></span> <span class='ocrx_word' id='word_1_258' title='bbox 2042 3628 2386 3678; x_wconf 88' lang='lat' dir='ltr'><strong>oneratum</strong></span> <span class='ocrx_word' id='word_1_259' title='bbox 2407 3614 2580 3679; x_wconf 88' lang='lat' dir='ltr'><strong>ultra</strong></span> 
     </span>
     <span class='ocr_line' id='line_1_32' title="bbox 428 3714 2012 3805; baseline 0.003 -26"><span class='ocrx_word' id='word_1_260' title='bbox 428 3714 742 3779; x_wconf 87' lang='lat' dir='ltr'><strong>terminos</strong></span> <span class='ocrx_word' id='word_1_261' title='bbox 774 3730 1190 3780; x_wconf 86' lang='lat' dir='ltr'><strong>excresceret.</strong></span> <span class='ocrx_word' id='word_1_262' title='bbox 1204 3714 1363 3779; x_wconf 87' lang='lat' dir='ltr'><strong>Vale</strong></span> <span class='ocrx_word' id='word_1_263' title='bbox 1383 3763 1402 3797; x_wconf 91' lang='lat'><strong>,</strong></span> <span class='ocrx_word' id='word_1_264' title='bbox 1440 3716 1814 3805; x_wconf 87' lang='lat' dir='ltr'><strong>iterumque</strong></span> <span class='ocrx_word' id='word_1_265' title='bbox 1844 3717 2012 3784; x_wconf 83' lang='lat' dir='ltr'><strong>vale.</strong></span> 
     </span>
    </p>
   </div>
   <div class='ocr_carea' id='block_1_3' title="bbox 496 3856 2397 4025">
    <p class='ocr_par' dir='ltr' id='par_1_4' title="bbox 496 3856 2397 4025">
     <span class='ocr_line' id='line_1_33' title="bbox 496 3856 1932 3931; baseline 0.008 -27"><span class='ocrx_word' id='word_1_266' title='bbox 496 3856 521 3885; x_wconf 70' lang='lat'><strong>⁴*</strong></span> <span class='ocrx_word' id='word_1_267' title='bbox 558 3858 717 3921; x_wconf 74' lang='lat' dir='ltr'><strong>vide,</strong></span> <span class='ocrx_word' id='word_1_268' title='bbox 751 3858 793 3907; x_wconf 77' lang='lat' dir='ltr'><strong>si</strong></span> <span class='ocrx_word' id='word_1_269' title='bbox 810 3856 971 3925; x_wconf 76' lang='lat' dir='ltr'><strong>placet</strong></span> <span class='ocrx_word' id='word_1_270' title='bbox 988 3895 1005 3919; x_wconf 86' lang='lat'>‚</span> <span class='ocrx_word' id='word_1_271' title='bbox 1036 3859 1103 3909; x_wconf 78' lang='lat' dir='ltr'><strong>ad</strong></span> <span class='ocrx_word' id='word_1_272' title='bbox 1127 3860 1310 3910; x_wconf 77' lang='lat' dir='ltr'><strong>calcem</strong></span> <span class='ocrx_word' id='word_1_273' title='bbox 1334 3858 1451 3909; x_wconf 80' lang='lat' dir='ltr'><strong>libri</strong></span> <span class='ocrx_word' id='word_1_274' title='bbox 1474 3862 1606 3911; x_wconf 76' lang='lat' dir='ltr'><strong>sexti</strong></span> <span class='ocrx_word' id='word_1_275' title='bbox 1623 3897 1640 3923; x_wconf 87' lang='lat'><strong>‚</strong></span> <span class='ocrx_word' id='word_1_276' title='bbox 1667 3878 1786 3931; x_wconf 71' lang='lat' dir='ltr'><strong>pag.</strong></span> <span class='ocrx_word' id='word_1_277' title='bbox 1809 3864 1932 3926; x_wconf 76' lang='lat'><strong>762.</strong></span> 
     </span>
     <span class='ocr_line' id='line_1_34' title="bbox 1933 3954 2397 4025; baseline -0.009 0"><span class='ocrx_word' id='word_1_278' title='bbox 1933 3960 2009 4025; x_wconf 83' lang='lat' dir='ltr'><strong>F.</strong></span> <span class='ocrx_word' id='word_1_279' title='bbox 2037 3958 2155 4022; x_wconf 84' lang='lat' dir='ltr'><strong>AN</strong></span> <span class='ocrx_word' id='word_1_280' title='bbox 2159 3954 2397 4023; x_wconf 83' lang='lat' dir='ltr'><strong>SART.</strong></span> 
     </span>
    </p>
   </div>
  </div>
 </body>
</html>
