2950 5017
450 585 477 620 1

520 435 677 509 680

1052 439 2118 511 C.PL1N11NAT.HIST.

622 561 951 631 XXVIII.
995 562 1356 696 Irrumpit
1356 563 1595 635 deinde
1637 579 1706 634 et
1745 562 1848 632 in¹
1895 563 2026 633 hae
2069 574 2259 656 parte
2309 563 2644 656 geminum

516 692 702 740 mare
729 665 835 736 in'
865 681 1103 751 terras»,
1138 655 1356 765 quod³
1385 670 1694 740 Rubrum
1724 671 1947 739 dixere
1964 669 2204 752 nostri,
2229 668 2456 738 Graeci
2483 672 2648 763 Ery-

518 775 803 846 thraemn
846 797 887 842 a
904 761 930 807 ⁴

974 799 1130 870 rege
1178 777 1496 871 Erythra,
1530 793 1648 847 aut
1661 762 1836 870 ⁵(ut
1873 764 2030 905 alii)
2065 773 2222 844 solis
2259 797 2652 868 repercussu

518 878 719 950 talem
749 879 935 949 reddi
968 880 1260 952 colorem
1289 884 1766 954 existimantes.
1795 866 1942 950 alii⁶
1970 880 2073 1011 ab8
2085 903 2288 949 arena
2311 895 2652 975 terraque,

520 984 664 1054 alii⁷
709 985 821 1055 tali
858 1012 1043 1082 aquae
1068 987 1273 1084 ipsius
1312 1004 1570 1060 natura.
1605 972 2073 1082 (xx1V.)Sed⁸
2109 989 2178 1055 in
2215 985 2388 1056 duos
2427 985 2660 1054 dividi-

519 1106 632 1161 tur
656 1093 855 1162 sinus.
878 1096 946 1162 Is
970 1097 1086 1188 qui
1111 1095 1195 1163 ab
1210 1094 1237 1134 ⁹
1254 1096 1510 1166 oriente
1535 1110 1676 1182 est,
1699 1094 2001 1164 Persicus
2027 1091 2442 1189 appellatur,
2457 1090 2657 1160 xxv¹⁰

600 1259 863 1314 XXVIII.
883 1279 905 1314 1
920 1300 933 1314 .
947 1262 1009 1314 In
1028 1263 1120 1314 hae
1130 1274 1273 1334 parte
1286 1266 1546 1331 gerniacam.

522 1334 825 1392 Geminum·
842 1339 994 1406 dicit,
1019 1341 1271 1413 quoniam
1310 1342 1393 1395 bis
1411 1343 1553 1396 irru-

520 1420 624 1491 pit,
657 1432 718 1473 ut
741 1421 817 1473 ait
845 1420 1017 1485 Mela,
1049 1422 1154 1474 hoc
1178 1433 1294 1484 est,
1317 1421 1375 1474 in
1414 1420 1552 1476 dnoa

521 1498 785 1552 dividitur
812 1499 984 1562 sinus,
1056 1519 1249 1554 uorum
1276 1519 1369 1554 sua
1405 1503 1552 1573 quis-

524 1597 632 1650 que
649 1579 869 1650 propria
905 1598 1041 1652 appe
1063 1581 1256 1633 latione
1276 1579 1555 1653 distingui·-

528 1671 637 1712 tur.
669 1656 856 1712 Ηιιιι).

615 1757 666 1790 3.
697 1739 753 1790 In
775 1751 945 1790 terras.
974 1737 1091 1792 Elz.
1125 1751 1296 1794 terras.
1323 1740 1432 1793 En.

612 1816 665 1872 3.
686 1817 839 1887 Quod
853 1818 1084 1873 Rubrum.
1113 1820 1241 1873 Hac
1268 1838 1331 1872 ex
1348 1816 1553 1872 Herod.

530 1895 795 1967 Euterpe,
814 1898 909 1950 lib.
938 1898 1029 1962 11,
1048 1916 1200 1951 num.
1236 1915 1259 1950 1
1276 1917 1300 1951 1
1322 1937 1337 1959 ,
1363 1917 1425 1969 p.
1442 1900 1514 1967 93
1536 1920 1552 1962 ς

530 1975 606 2029 sic
634 1989 687 2030 et
713 1977 879 2038 Mela,
898 1976 992 2029 lib.
1012 1977 1127 2041 ΙΙΙ,
1152 1995 1268 2048 cap.
1301 1979 1355 2032 8.
1374 1976 1556 2030 vossii

440 2093 448 2100 -
528 2059 844 2126 conjecturae
864 2056 1249 2110 subscriberem
1276 2054 1346 2109 de
1369 2057 1557 2130 appel·

528 2135 727 2188 latione
748 2136 911 2189 maria
936 2136 1127 2201 Rubri,
1142 2137 1209 2189 ab
1232 2134 1430 2201 Edoni,
1446 2136 1557 2188 aive

526 2213 771 2268 ldumaeo
801 2233 911 2268 ease
947 2214 1239 2269 derivatam
1255 2252 1272 2279 ,
1302 2216 1558 2286 quoniam

530 2308 767 2364 Hehroeis
815 2310 1033 2385 ’ΞἹΒ
1080 2310 1245 2364 rubuit
1282 2321 1471 2364 sonat:
1513 2311 1558 2364 si

531 2389 763 2443 Arabico
784 2391 926 2444 sinui
949 2392 1187 2462 primum
1203 2429 1219 2457 ,
1240 2409 1269 2442 a
1298 2407 1407 2462 quo
1423 2389 1558 2443 Idu-

531 2487 665 2522 mam
696 2469 842 2523 haud
884 2471 1075 2541 procul
1106 2472 1285 2534 abest,
1311 2489 1421 2522 non
1451 2470 1557 2542 ipsi

532 2549 751 2602 Oceano
786 2549 1083 2603 meridiano
1118 2549 1179 2602 id
1214 2568 1411 2602 nomen
1448 2568 1558 2604 esse

533 2625 790 2692 inditum.
826 2630 1109 2701 scriptores
1147 2641 1381 2682 vetustos
1408 2630 1558 2682 evol·

532 2709 681 2760 venti
724 2722 1005 2763 constaret.
1043 2709 1333 2762 Arabicum
1378 2721 1559 2762 tamen

532 2787 710 2840 sinum
736 2789 906 2841 Rubri
942 2788 1103 2856 maris
1129 2790 1348 2842 nomine
1374 2799 1429 2840 et
1464 2807 1558 2859 ap·

532 2867 821 2937 pellatione
879 2863 1081 2921 donant
1136 2867 1405 2922 interdum
1425 2906 1441 2931 ,
1501 2881 1563 2921 ut

534 2945 773 3012 Plinius,
793 2947 889 3000 lib.
914 2947 985 3013 V,
1014 2965 1133 3017 cap.
1170 2965 1259 3002 12.
1286 2948 1560 3001 Persicum

536 3024 793 3079 Arrianus
818 3027 875 3078 in
915 3025 1145 3093 Indicia,
1172 3044 1293 3098 pag.
1329 3026 1442 3090 548
1460 3065 1477 3092 ,
1505 3039 1561 3086 et

536 3104 731 3158 Seneca
760 3107 817 3160 in
847 3105 1077 3172 Troade,
1096 3119 1195 3160 act.
1222 3108 1269 3159 Ι.
1294 3103 1482 3160 Han.

622 3191 676 3249 4.
700 3185 756 3238 Α
786 3205 898 3256 rege
914 3186 1156 3257 Ery-tlara.
1177 3185 1430 3250 Curtius,
1460 3185 1559 3239 lib.

538 3263 697 3329 vm,
714 3265 911 3336 aliique
932 3278 1055 3338 post
1078 3225 1559 3336 Agatharchidem,

540 3343 599 3396 in
629 3343 773 3397 lihro
794 3345 1047 3417 singulari
1079 3363 1241 3426 quem
1270 3343 1338 3397 de
1368 3345 1560 3397 Rubro

539 3423 676 3476 mari
719 3421 915 3490 edidit,
979 3426 1132 3517 eujus
1201 3424 1562 3494 fragmentum

540 3502 765 3556 Photius
804 3507 968 3559 refert
1006 3503 1064 3557 in
1102 3503 1244 3558 Bibl.
1272 3501 1396 3559 cod.
1434 3501 1562 3570 350,

542 3601 597 3653 p.
637 3581 807 3638 1321.
830 3575 1008 3636 niun,

626 3661 683 3715 5.
712 3664 850 3725 Aut,
884 3673 941 3712 ut
960 3663 1065 3715 alit.
1088 3661 1272 3716 Refert
1294 3661 1562 3734 Agathar-

542 3739 728 3794 chides
746 3742 853 3796 loc.
880 3739 974 3794 cit.
997 3743 1259 3796 censuisse
1284 3741 1563 3813 quosdam,

542 3821 707 3873 solem
762 3820 1085 3877 exorientem
1128 3822 1185 3874 in
1233 3841 1298 3875 eo
1352 3833 1561 3887 tractu,

540 3917 654 3952 non
683 3899 889 3954 lucidos
924 3899 982 3952 in
1026 3919 1173 3954 mare
1227 3899 1433 3969 radios,
1481 3902 1560 3955 uti

540 3977 683 4049 apud
710 3999 810 4033 nos
830 3980 909 4035 fit,
932 3977 1215 4034 demittere
1238 3979 1363 4034 :sed
1380 3979 1561 4034 cruori

537 4058 789 4112 assimiles
822 4079 837 4113 ε
880 4059 1029 4130 quod
1074 4069 1351 4116 cruentam
1400 4061 1562 4115 maris

1635 1260 1867 1336 speeiem
1929 1259 2260 1315 intuentibus
2327 1259 2654 1313 exhiheret:

1635 1343 1806 1395 ἀκτῖσι
1828 1340 2042 1414 vapnuci
2044 1359 2121 1402 αις
2147 1340 2352 1411 alpert·
2384 1333 2500 1403 ἐξ
2467 1361 2532 1391 ων
2559 1341 2660 1398 τοῖς

1639 1423 1809 1492 ὁρῶσιν
1845 1420 2083 1512 ’beennon
2109 1430 2210 1472 etc.
2246 1417 2404 1472 Hanc
2436 1418 2660 1472 illorum

1637 1499 1950 1554 sententiam
1991 1499 2204 1569 respicit
2242 1498 2482 1564 Plinius,
2525 1499 2659 1568 Aga-

1639 1577 1942 1632 tharchides
1961 1577 2244 1650 improbat.
2275 1577 2462 1631 Ι-ΙΑιιι).

1721 1662 1775 1712 6.
1808 1659 1925 1712 Alii
1951 1657 2016 1709 ab
2054 1677 2219 1709 arena.
2246 1657 2330 1708 Ab
2357 1656 2662 1727 ingentibus

1638 1753 1812 1792 arene
1841 1750 1892 1790 et
1923 1738 2091 1809 gleba
2117 1736 2355 1801 tumulis,
2380 1736 2548 1806 longo
2569 1753 2664 1804 per

1640 1835 1792 1871 oram
1819 1817 1994 1888 spatio
2023 1829 2200 1869 ortum
2222 1833 2407 1868 versus
2431 1813 2662 1880 diffusis,

1638 1896 1918 1967 insigniter
1938 1895 2093 1950 rufis:
2115 1897 2258 1956 θίνες
2271 1895 2444 1965 ἄμμου
2456 1889 2662 1965 γεῶδεις

1637 1979 1916 2048 ὑπέρυθροι,
1948 1987 2052 2030 ete.
2091 1973 2510 2047 Agatharchides
2545 1975 2663 2026 loco

1639 2057 1784 2110 citat.
1825 2056 1912 2108 cui
1947 2073 2122 2126 neque
2162 2055 2276 2106 hec
2303 2054 2480 2106 Rubri
2503 2051 2664 2106 maris

1639 2135 2054 2188 nomenclatura
2081 2134 2217 2188 ratio
2242 2131 2394 2186 haud
2411 2133 2540 2187 satis
2559 2149 2666 2186 ease

1639 2214 1836 2268 idonea
1856 2213 2088 2267 videtur.
2118 2215 2240 2266 Ηιιι
2249 2232 2303 2266 n.

1725 2321 1779 2372 7.
1803 2303 1918 2355 Alia·
1943 2302 2036 2354 tali
2055 2321 2211 2374 aquoe.
2237 2299 2292 2353 A
2318 2299 2504 2352 colore
2521 2317 2668 2370 aquo

1641 2381 1772 2434 falso
1835 2381 2010 2452 repeti
2057 2381 2196 2432 hane
2254 2379 2666 2451 appellationem

1636 2458 1958 2532 jamdudum
1999 2457 2418 2531 Agatharchides
2445 2455 2668 2523 docuit,

1639 2541 1678 2592 l.
1702 2540 1793 2593 cit.
1817 2541 2145 2612 experientia
2165 2539 2280 2609 ipsa
2305 2537 2664 2594 confirmavit.

1641 2617 1786 2672 Vide
1812 2639 1932 2692 qua·
1957 2617 2152 2672 dicturi
2175 2637 2356 2670 eumue
2385 2618 2582 2669 iterum
2611 2616 2664 2668 in

1641 2717 1758 2752 eam
1785 2717 1930 2763 rem,
1955 2715 2072 2769 cap.
2099 2697 2193 2752 35.
2222 2698 2410 2750 Ilum.

1726 2788 1780 2840 8.
1821 2785 1925 2838 Sed
1953 2788 2006 2837 ἰιι
2028 2785 2166 2837 duos.
2197 2785 2379 2850 Mela,
2413 2783 2511 2835 lib.
2553 2783 2668 2845 111,

1643 2884 1761 2938 cap,
1795 2867 1858 2931 8,
1882 2883 2001 2936 pag.
2033 2867 2120 2917 60.
2146 2863 2202 2916 A
2224 2863 2403 2916 Plinio
2431 2863 2668 2925 Solinus,

1643 2963 1762 3016 cap.
1789 2963 1918 3010 nv,
1958 2963 2079 3015 pag.
2111 2944 2212 3002 86,
2261 2956 2317 2997 et
2345 2941 2669 3006 Martianus,

1640 3024 1738 3078 lib.
1767 3025 1880 3086 vl.
1907 3041 2026 3095 cap.
2057 3021 2128 3075 de
2157 3019 2341 3083 India,
2381 3040 2504 3093 pag.
2546 3021 2667 3074 335.

1643 3103 1855 3157 Persico
1879 3121 2077 3155 nomen
2106 3099 2272 3154 hodie
2287 3135 2304 3164 ‚
2332 3102 2378 3152 le
2395 3103 2536 3170 gods«
2555 3099 2671 3152 Pen-

1642 3187 1809 3256 sique:
1833 3181 2068 3235 Arabico
2085 3213 2103 3242 ‚
2129 3181 2182 3232 Ia
2201 3199 2300 3232 mer
2319 3181 2519 3251 Rouge,
2541 3197 2604 3232 σει
2621 3179 2670 3230 Ia

1643 3283 1746 3315 mer
1767 3262 1828 3315 de
1853 3263 1906 3313 la
1927 3261 2146 3332 Meeque.
2169 3261 2350 3313 Hann.

1729 3362 1783 3412 9.
1833 3340 1919 3395 Ab
1968 3346 2165 3392 oriente.
2218 3337 2554 3394 chiffletian.
2614 3357 2672 3390 ex

1645 3424 1844 3476 oriente.
1873 3421 1978 3473 En.

1735 3519 1821 3555 ιο.
1865 3499 2050 3552 XXV
2077 3499 2198 3552 mill.
2227 3517 2365 3568 pass.
2407 3495 2529 3554 Hoc
2568 3507 2674 3558 est,

1647 3580 1809 3634 vicies
1837 3593 1892 3633 et
1917 3579 2201 3651 quinquies
2233 3589 2460 3630 centena
2487 3573 2670 3628 millia.

1649 3659 1912 3731 Coi-rupti
1963 3657 2112 3730 apud
2160 3658 2404 3711 Solinum
2455 3654 2675 3707 Martia-

1649 3757 1888 3811 numque
1907 3739 2136 3792 numeri.
2160 3737 2378 3799 Strabo,
2401 3735 2499 3788 lib.
2515 3735 2618 3786 XV
2620 3732 2674 3796 1,

1647 3837 1770 3890 pag.
1821 3819 1972 3888 765,
2017 3836 2082 3870 ex
2129 3817 2248 3888 ipso
2291 3812 2672 3876 Eratosthene,

1647 3915 1809 3969 quem
1835 3897 1987 3969 sequi
2007 3915 2063 3950 se
2091 3895 2297 3948 Plinius
2325 3912 2440 3965 pra
2467 3911 2526 3946 se
2546 3891 2674 3954 sert,

1649 3989 1702 4031 et
1727 3977 2148 4070 Agathemerus,
2175 3975 2379 4044 Geogr.
2405 3972 2505 4026 lib.
2534 3972 2595 4033 1,
2625 3988 2671 4021 e.

1653 4055 1718 4118 3,
1745 4055 1938 4130 viginti
1963 4055 2203 4111 millibus
2228 4051 2524 4108 stadiorum
2547 4049 2670 4102 Per·
