2950 5017
460 1025 526 1079 13

557 450 660 549 98

1093 435 2166 513 C.PL1N11NAT.HIST.

559 578 894 675 religionis
947 575 1234 669 antiquae
1253 627 1273 660 ‚
1311 572 1402 641 ob
1453 570 1589 641 hoc
1640 570 1927 639 maxime
1980 564 2313 636 silentium
2368 564 2702 636 institutae.

557 689 872 778 Namque
922 683 1100 753 Diva
1153 683 1555 773 Angerona,
1608 677 1719 745 eui
1774 673 2221 759 sacrificatur,
2274 696 2332 741 a.
2388 658 2531 741 d.⁵⁶

2534 674 2703 764 2:111

559 790 836 867 Calend.
879 788 1204 875 Ianuarii,
1257 810 1373 855 ore
1417 783 1713 877 obligato
1752 780 2231 876 obsignatoque
2279 778 2703 849 simulacrum

557 882 844 971 habet⁵⁷.

667 1003 926 1074 Urbem
965 1014 1100 1069 tres
1135 982 1408 1094 portas⁵

1411 982 1833 1067 ⁸habentem
1870 990 2201 1062 Romulus
2233 989 2529 1086 reliquit,
2590 1006 2711 1061 aut

559 1105 680 1201 (ut
732 1091 1113 1205 plurimas⁵⁹
1165 1104 1583 1175 tradentibus
1636 1092 2027 1190 credamus)
2078 1112 2383 1193 quatuor.
2454 1099 2711 1167 Moenia

561 1220 706 1313 ejus
775 1214 1106 1335 collegere
1155 1211 1412 1283 ambitu
1457 1208 1971 1337 imperatoribus
2012 1205 2531 1335 censoribusque
2568 1208 2709 1275 Ve-

565 1322 886 1419 spasianis
929 1344 1107 1389 anno
1152 1316 1436 1387 conditae
1482 1298 1881 1387 ncccxxv1⁶
1960 1336 2133 1409 pass.
2212 1296 2407 1381 1111⁶¹
2464 1336 2545 1381 ια.

1371 1436 1663 1517 septem,
1711 1424 1877 1515 ipsa
1925 1417 2302 1487 dividitur
2283 1443 2351 1486 ιιι
2408 1418 2714 1513 regiones

565 1426 935 1524 Complexa
985 1438 1248 1495 montes
1263 1409 1315 1449 ⁶²

651 1639 748 1695 56
781 1640 855 1693 A.
901 1634 1286 1691 d.X11.Hoc
1327 1644 1434 1700 est,
1473 1646 1596 1686 ante

569 1720 714 1775 diem
751 1716 1136 1773 duodecimum
1163 1712 1451 1773 calendas,
1502 1730 1597 1767 seu

571 1802 688 1873 ipso
711 1797 799 1852 die
825 1796 1145 1851 duodecimo
1169 1807 1294 1847 ante
1319 1790 1596 1845 Calendas.

572 1880 816 1943 Solinus,
841 1878 946 1931 loe.
972 1876 1062 1929 eit.
1089 1872 1234 1927 Vide
1259 1890 1378 1943 quae
1404 1870 1474 1925 de
1494 1872 1597 1924 hae

571 1962 744 2015 forma
759 1954 1018 2029 loquendi
1040 1952 1240 2008 dicturi
1264 1970 1476 2013 sumus,
1500 1952 1596 2005 111).

572 2040 746 2105 vul,
794 2056 911 2107 cap.
956 2054 1045 2107 7⁰·
1088 2035 1160 2087 H.
1201 2064 1283 2077 --
1321 2030 1501 2085 Dalec.
1547 2043 1601 2083 et

573 2120 693 2171 Elz.
721 2118 792 2170 ad
809 2116 962 2179 diem,
987 2126 1089 2167 etc.
1120 2114 1223 2165 En.

661 2197 753 2266 57.
803 2195 1121 2249 Simulacrum
1181 2192 1340 2243 habet.
1394 2192 1461 2243 In
1512 2208 1601 2243 ara

577 2276 828 2349 Volupize
849 2274 1168 2329 collocatum
1185 2310 1204 2337 ,
1224 2282 1284 2323 ut
1309 2269 1468 2324 docet
1484 2271 1602 2323 Ma-

574 2356 816 2421 crobius,
845 2354 1054 2407 Satura.
1093 2350 1192 2405 lib.
1235 2352 1290 2417 1,
1321 2370 1438 2421 cap.
1492 2368 1561 2403 ro
1585 2390 1601 2413 ,

576 2454 696 2508 pag.
743 2452 892 2502 ²²92
939 2433 1033 2503 qui
1079 2430 1322 2502 quamvis
1367 2450 1432 2484 eo
1477 2430 1600 2483 loco

575 2512 834 2569 dissidere
867 2532 900 2567 a
932 2511 1108 2565 Plinio
1145 2508 1420 2575 videatur,
1445 2510 1604 2563 affert

575 2607 758 2649 tamen
799 2605 1039 2646 auctores
1081 2590 1215 2643 alios
1237 2628 1252 2654 ,
1289 2590 1382 2660 qui
1426 2588 1602 2643 eidem

577 2675 940 2745 suffragentur
955 2710 970 2736 ,
1000 2671 1210 2723 Saturn.
1231 2669 1326 2722 lib.
1351 2670 1466 2733 111,
1484 2686 1601 2740 cap.

583 2774 648 2825 9,
685 2772 801 2825 pag.
838 2751 971 2815 405.
1001 2750 1185 2803 Hum.

663 2835 753 2889 ⁵8.
790 2833 839 2887 T
835 2852 910 2885 m
952 2841 1140 2902 portas.
1182 2828 1573 2882 Carmentalem
1588 2867 1605 2893 ,

579 2916 896 2977 Romanam,
911 2924 964 2965 et
981 2906 1306 2972 Pandanam,
1320 2925 1442 2978 quo
1463 2907 1605 2961 dicta

579 2994 712 3047 olim
734 2990 1020 3047 Saturnina
1039 3001 1144 3053 eet,
1172 3000 1300 3040 teste
1325 2988 1603 3041 Varrone:

579 3092 706 3127 mox
731 3069 1013 3133 Fundana,
1033 3080 1246 3121 auctore
1265 3066 1438 3131 Festo,
1459 3065 1607 3138 qnod

580 3164 786 3226 pateret
867 3146 1607 3203 omnibus.11allucinantur

581 3251 788 3306 porro,
841 3229 938 3302 qui
989 3225 1318 3293 Quadratam
1379 3228 1605 3281 Romam

581 3310 726 3386 apud
749 3321 980 3365 vetustos
999 3308 1280 3379 scriptores
1303 3325 1487 3361 rerum
1504 3309 1607 3360 Ro-

582 3408 888 3455 manarum,
911 3386 1018 3440 de
1003 3406 1116 3458 ipsa
1135 3386 1286 3439 Urbe
1307 3387 1607 3455 accipiunt,

581 3472 824 3529 solinum
841 3467 1004 3523 secuti
1025 3466 1254 3531 seilicet,
1273 3465 1610 3558 quadratam·

581 3570 688 3647 que
711 3550 940 3615 urbem,
959 3560 1013 3601 et
1039 3564 1188 3599 suam
1217 3546 1410 3617 cuique
1453 3546 1606 3599 lateri

581 3618 840 3702 angulove
863 3638 1076 3699 portam
1109 3626 1268 3681 fuisse
1301 3627 1604 3680 somniant:

581 3728 750 3783 quum
777 3704 1046 3775 Quadrata
1059 3708 1232 3759 Roma
1252 3706 1404 3759 locu·
1435 3706 1607 3761 inPa-

579 3790 710 3845 latio
753 3786 913 3841 fuerit
933 3825 950 3851 ,
995 3798 1224 3840 structus
1265 3804 1298 3840 a
1339 3786 1605 3851 Romulo,

578 3869 892 3943 priusquam
915 3865 1056 3918 Urbi
1081 3863 1377 3919 condendo
1399 3866 1605 3919 mileum

580 3948 832 4011 duceret,
880 3944 976 4014 qui
1027 3945 1180 3997 locus
1231 3946 1416 4001 Romo
1469 3946 1608 4013 ruit,

579 4029 741 4083 etiam
781 4028 844 4080 P.
884 4023 1122 4077 Victoris
1157 4042 1305 4090 ovo,
1338 4044 1370 4077 a
1397 4044 1510 4097 quo
1548 4024 1606 4077 iu

579 4108 794 4179 regione
816 4102 985 4159 Urbis
1007 4100 1216 4159 decim
1239 4102 1473 4171 locatur,
1501 4105 1607 4159 hoc

2602 1334 2708 1381 CC·

1680 1644 1760 1687 est
1774 1668 1791 1694 ,
1814 1632 1872 1685 in
1892 1632 2113 1688 Palatio.
2131 1628 2346 1685 videet
2362 1630 2715 1685 Plutarchu-

1680 1712 1739 1764 in
1760 1712 2033 1765 Romulo:
2058 1723 2113 1763 et
2127 1709 2341 1765 Festum
2354 1710 2553 1775 ,verbo
2574 1712 2719 1781 Quo-

1680 1792 1827 1845 dmta
1854 1793 2027 1845 Roma.
2068 1791 2255 1844 Ηιιιι).

1766 1872 1855 1941 59.
1898 1872 2161 1925 Plus-anas.
2192 1872 2315 1923 Vet.
2340 1868 2487 1942 apud
2528 1871 2713 1925 Daloe.

1676 1952 1915 2025 plurimis.
1940 1954 2045 2005 Ει).

1766 2036 1856 2086 60.
1880 2030 2305 2085 DCCCXXVI.
2327 2029 2646 2102 Dalecamp.
2662 2043 2721 2085 et

1686 2113 1803 2165 Elz.
1846 2128 2189 2173 neocxxvur,
2230 2108 2415 2163 Chim.
2458 2128 2716 2165 uocooxx.

1684 2193 1766 2245 De
1792 2209 1933 2244 anno
1963 2193 2123 2263 hujus
2163 2190 2415 2243 Censura
2442 2188 2717 2255 dicemm,

1683 2271 1779 2323 lib.
1807 2271 1945 2335 vll,
1980 2288 2101 2340 cap.
2140 2269 2226 2325 50.
2258 2270 2435 2323 Porro
2472 2272 2719 2342 Impera·

1683 2365 1826 2404 tores
1844 2350 2219 2420 Vespasianus,
2240 2364 2445 2419 patrem
2464 2362 2517 2403 et
2536 2350 2717 2403 filium

1686 2448 1751 2485 ex
1778 2446 1931 2501 aequo
1958 2442 2141 2493 vocat,
2170 2426 2319 2501 quod
2348 2448 2471 2483 sane
2492 2442 2571 2483 est
2596 2431 2719 2483 ani·

1685 2508 2055 2563 madversione
2076 2508 2315 2580 dignum.
2338 2507 2479 2561 Vide
2502 2508 2600 2561 111).
2626 2511 2685 2563 Π
2700 2548 2719 2575 ,

1685 2608 1805 2662 etp.
1836 2608 1924 2643 ro.
1951 2590 2021 2642 H.
2045 2604 2098 2643 et
2120 2592 2222 2643 En.

1770 2674 1867 2723 δι.
1892 2670 2057 2723 XIII.
2096 2670 2173 2723 M.
2207 2667 2317 2722 CC.
2336 2667 2552 2721 Minore
2597 2680 2721 2723 tum

1688 2750 1987 2822 aliquanto,
2012 2768 2175 2821 quam
2200 2766 2343 2803 nuuc
2364 2760 2443 2803 est
2464 2766 2721 2819 passuum

1686 2848 1934 2885 mensura
1971 2846 1985 2882 ε
2026 2830 2355 2900 emensisque
2392 2828 2725 2883 extrinsecus

1690 2910 1953 2963 moenibus
1966 2947 1983 2973 ‚
2006 2922 2061 2963 et
2082 2910 2265 2963 castris
2285 2908 2581 2971 Protoriis,
2606 2920 2727 2963 tur-

1688 2988 1945 3061 ribusque
1968 2988 2223 3041 circuitis.
2246 2987 2575 3041 Hodiernum
2598 3006 2725 3041 mu-

1688 3087 1876 3121 rorum
1926 3067 2339 3135 amplitudinem
2389 3080 2569 3121 vetere
2626 3068 2723 3122 illa

1690 3147 1878 3202 decem
1896 3146 2107 3214 stadiis,
2127 3149 2233 3202 hoe
2256 3161 2361 3213 est,
2396 3166 2544 3201 ιιοσι.
2574 3166 2720 3217 pau.

1692 3228 2104 3282 contractiorem
2123 3247 2233 3283 esse
2243 3266 2260 3292 ,
2272 3240 2460 3281 auctor
2481 3240 2561 3281 est
2575 3228 2729 3283 Har-

1688 3306 1880 3373 limus,
1892 3308 1987 3361 lib.
2004 3309 2051 3371 1,
2066 3326 2187 3380 oap.
2213 3325 2234 3360 1
2246 3345 2263 3370 ‚
2276 3308 2515 3379 Topogr.
2530 3307 2721 3363 Urbis.

1691 3387 1816 3443 Non
1842 3387 2125 3443 medimna.
2154 3388 2337 3441 ΗΑιιι).

1774 3471 1867 3521 63.
1897 3468 2090 3521 Montes
2132 3480 2327 3539 septem.
2368 3465 2677 3521 Palatinum
2702 3505 2724 3533 ‚

1694 3548 2089 3619 Capitolinum,
2116 3548 2339 3601 Caelium
2358 3586 2373 3611 ‚
2422 3564 2517 3600 neu
2542 3546 2728 3611 Quer-

1692 3629 2039 3697 quetulanum
2056 3627 2174 3693 ‚ubi
2194 3645 2339 3681 nuno
2356 3624 2493 3679 edes
2510 3626 2733 3681 Latm-

1692 3708 1871 3761 nensis
1887 3746 1903 3773 ,
1952 3707 2300 3779 Exquilinum
2316 3744 2333 3771 ,
2370 3724 2497 3761 cnm
2542 3705 2729 3761 Vimi-

1690 3787 1832 3851 nali,
1882 3806 2028 3840 nunc
2066 3786 2120 3841 S.
2168 3786 2351 3841 Maria
2396 3784 2467 3841 ad
2513 3784 2683 3839 Nives
2710 3804 2729 3840 e

1692 3866 2025 3932 Quirinalem
2044 3904 2061 3931 ‚
2092 3885 2237 3921 nune
2268 3866 2439 3919 Mam
2476 3865 2726 3930 camno,

1692 3947 1761 3999 ab
1794 3948 1951 4019 equis
1976 3946 2187 4001 duobus
2213 3944 2557 4009 marmoreis,
2584 3964 2731 4017 quoa

1692 4026 1928 4099 gigantes
1955 4038 2137 4081 tenent
2150 4065 2167 4091 ‚
2202 4024 2408 4080 Phidia
2440 4042 2609 4096 opere
2625 4064 2645 4089 ,
2668 4038 2733 4079 et

1694 4106 1972 4161 Praxitelis
1984 4104 2341 4159 :Aventinum
2354 4142 2373 4171 ‚
2390 4122 2537 4159 nune
2556 4102 2611 4157 S.
2630 4104 2729 4159 S·-
