2950 5017
1070 467 1393 534 LIBER
1442 467 1572 533 VI.

2253 467 2396 566 735

250 600 411 669 dara
432 653 449 680 ,
484 599 771 685 Prosda,
811 601 1131 685 Parenta,
1172 597 1433 684 Marna,
1474 599 1750 667 Tessara
1773 651 1791 684 ,
1837 597 2102 686 GallaS,
2140 604 2394 691 Zoton,

251 709 683 836 6Γ3ιιοοιιιιοιι
700 703 749 728 ¹⁰
764 759 785 791 ‚
828 707 1113 774 Emeum
1145 753 1165 788 ,

1259 703 1598 773 Pidibotas
1630 755 1651 785 ,
1726 705 2389 779 Hebdomecontaco-

246 811 509 882 metas¹
522 811 565 898 ²,
620 811 960 880 Nomadas
1010 812 1081 879 in
1134 808 1578 880 tabernaculis
1645 812 1986 882 viventes:
2025 815 2274 907 Cysten
2313 813 2394 901 ¹²,

248 921 631 1004 Pemmam,
671 915 1092 1013 Gadagalen,
1122 915 1393 997 Palem,
1433 917 1682 985 Primin
1706 920 2055 1013 ,Nupsin,
2089 919 2398 1006 Daselin,

246 1027 441 1095 Patin
457 971 936 1111 ,Gainbreve5,
959 1009 1341 1117 Magasen²³

336 1234 425 1269 ιο.
481 1215 805 1269 Gmucomen.
858 1215 1017 1286 Γραίου
1078 1213 1275 1288 κόμην,

246 1295 381 1350 Grai
412 1296 610 1348 vicum.
640 1295 827 1349 Hann-

338 1393 361 1426 1
378 1394 401 1428 ι
414 1415 429 1430 .
467 1375 1080 1427 Hebdomecontoecometas.
1118 1363 1284 1427 ὲΰδο-

246 1455 615 1526 ‘auxen-mysi
624 1475 711 1516 τας
738 1453 901 1508 latine
932 1455 1284 1523 septuaginta-

244 1535 491 1592 vicanos‚
524 1535 650 1587 satis
687 1546 807 1604 apte
846 1531 1062 1586 dixeris.
1097 1534 1279 1586 Ηιιιω.

336 1633 424 1667 12.
452 1615 661 1680 Cysaeen,
693 1625 795 1666 etc.
825 1615 949 1665 Vet.
982 1631 1067 1683 ap.
1100 1615 1279 1667 Dalec.

250 1694 451 1759 Cystem‘
460 1733 476 1757 ,
497 1695 751 1747 Pemmcmi
763 1730 778 1751 ,
810 1691 1153 1763 Gadagolem',
1178 1693 1283 1744 Pa-

246 1778 325 1826 roae‘
339 1811 355 1836 ,
382 1775 611 1826 patrimi.
640 1774 746 1826 En.

336 1851 425 1906 13.
446 1853 709 1924 Magnum,
729 1851 1036 1922 Segasmala,
1057 1849 1274 1914 Grande,

244 1932 429 1984 Dama
448 1974 465 1996 ‚
510 1933 757 1986 Cadeuma
774 1965 793 1994 ,
834 1933 1001 1985 Thena
1018 1972 1035 1995 ,
1076 1930 1245 1983 Barka
1258 1968 1275 1994 ,

244 2014 449 2076 Alana,
477 2011 707 2074 Mecum,
738 2024 837 2066 etc.
868 2011 1123 2080 Maga-sen.
1152 2010 1279 2064 Vet.

242 2093 455 2163 ap.Dal.
463 2091 723 2158 Cagasnoe.
734 2091 1049 2143 En.--Haec
1060 2090 1281 2146 nomina

242 2173 387 2225 forte
418 2171 673 2224 sincerius
699 2170 909 2224 codices
936 2169 1087 2224 MSS.
1122 2171 1279 2224 exhi-

242 2253 409 2319 bent,
432 2251 585 2304 Colb.
618 2270 670 2314 1,
696 2269 749 2314 2,
773 2263 824 2304 et
844 2250 1010 2303 Paris.
1036 2271 1058 2295 ι
1076 2249 1277 2321 Magas,

243 2333 511 2401 Neosegas
534 2365 552 2393 ‚
604 2331 891 2384 Malueram
918 2369 935 2394 ‚
979 2327 1237 2384 Dadenna
1258 2367 1277 2394 ,

244 2409 486 2466 Cadeum
500 2449 517 2474 ,
534 2409 785 2462 Mathena
799 2449 813 2473 ,
834 2409 1014 2470 Botta,
1036 2410 1278 2476 Alanam,

243 2497 493 2544 Macnam
516 2515 539 2536 ι
568 2507 584 2542 :
612 2507 738 2542 mox
759 2487 855 2541 ubi
876 2489 1073 2560 legitur
1092 2527 1107 2554 ,
1136 2491 1275 2554 Pyn-

242 2571 355 2632 dis,
398 2571 643 2640 Magum,-
675 2569 971 2622 Parmensis
999 2567 1191 2634 editio,
1222 2584 1277 2624 et

242 2652 490 2702 Romana
524 2651 704 2719 prior,
747 2647 973 2719 aliaeque
1016 2661 1271 2714 vetustae,

240 2731 445 2783 habent
505 2729 732 2800 Epyndis
754 2767 771 2790 ,
840 2728 1074 2796 Magum.
1136 2727 1274 2783 Inde

240 2809 533 2879 inscriptus
602 2820 681 2860 est
742 2807 983 2858 Postumi
1045 2809 1273 2878 Augusti

237 2907 497 2942 nummus
521 2921 538 2948 ,
614 2903 851 2940 uxncvn
936 2903 1227 2940 nsevsnco
1256 2907 1273 2956 3

238 2971 299 3022 in
336 2986 447 3040 quo
483 2979 587 3020 stat
622 2965 881 3020 Hercules
922 2985 1047 3019 cum
1092 2966 1272 3034 clava,

239 3061 296 3101 et
342 3065 506 3112 arcu,
552 3057 607 3100 et
646 3045 817 3098 leonis
852 3045 1091 3112 exuviis,
1128 3045 1270 3140 apud

238 3123 1274 3198 Tristan.pag.146.Sigmficatur1m1·

239 3221 381 3262 tatus
413 3207 699 3260 Herculem
727 3206 1039 3270 Postumo„
1068 3205 1271 3276 quippe

236 3287 333 3359 qui
365 3287 423 3338 in
458 3287 769 3356 regionem,
802 3299 922 3354 qum
956 3295 1136 3376 postea
1176 3287 1268 3338 Al-

236 3368 369 3420 satia
408 3363 551 3418 dicta
584 3377 695 3432 est,
736 3365 943 3416 hostem
984 3363 1269 3436 insequens

236 3445 564 3518 penetrarit,
592 3443 781 3526 procul
818 3461 845 3494 a
886 3440 1094 3496 ditione
1130 3461 1265 3498 sua:

236 3539 298 3578 ut
328 3525 587 3578 Hercules
616 3507 929 3594 AEgyptius,
970 3523 1122 3594 cujus
1159 3523 1267 3576 He·

237 3603 465 3658 rodotus
494 3603 768 3667 meminit,
794 3601 892 3656 lib.
921 3601 1089 3672 11,.p
1122 3602 1269 3669 145,

234 3686 377 3738 ultra
397 3687 690 3756 AEgyptum
719 3695 772 3735 et
792 3681 1004 3754 Syenen
1030 3701 1271 3752 progres-

234 3783 357 3826 sus,
387 3781 451 3816 ac
490 3760 713 3832 proinde
749 3762 1025 3832 Magusam
1068 3779 1269 3833 usque,

235 3861 358 3916 qum
396 3843 529 3914 ripae
564 3841 675 3894 Nili
708 3840 1019 3894 occidentali
1046 3841 1272 3894 ulterius

236 3923 481 3994 apposita
506 3933 645 3982 erat,
671 3920 960 3991 pervasisse
982 3920 1266 3974 ferebatur.

238 4002 483 4053 Similem
503 4003 575 4052 ob
598 4017 807 4054 causam
832 3999 1117 4071 inscriptus
1138 4001 1271 4053 alter

238 4083 289 4133 ei
319 4099 574 4134 nummus
605 4092 681 4134 est
711 4099 905 4134 aureus
925 4117 943 4147 ,
978 4080 1071 4151 qui
1107 4093 1187 4134 est
1213 4081 1271 4133 in

1348 1023 1776 1116 ,Segasmala
1789 1075 1810 1112 ,
1825 1025 2091 1094 Cranda
2098 1028 2398 1114 ,Denna,

1367 1213 1642 1266 Thesauro
1669 1214 1871 1285 Regio:
1895 1234 2134 1270 ιιιιιιονιι
2159 1235 2398 1272 marco:

1368 1291 1424 1344 in
1453 1312 1564 1364 quo
1595 1293 1850 1346 Antaeum
1879 1295 2135 1348 Hercules
2167 1297 2398 1352 brachiis

1368 1372 1711 1443 comprimit,
1751 1387 1814 1426 ut
1851 1375 2215 1446 significetur,
2251 1396 2399 1430 com-

1365 1469 1600 1522 pressam
1647 1453 1890 1506 similiter
1931 1453 2082 1506 ducis
2127 1467 2219 1508 aut
2263 1457 2402 1528 regis

1368 1531 1676 1584 Germanici
1703 1533 2026 1586 ferocitatem
2054 1535 2214 1587 fuisse
2235 1555 2248 1588 ι
2273 1555 2398 1590 nam

1365 1629 1459 1663 rex
1501 1611 1720 1664 Antaeus
1761 1613 1877 1665 fuit.
1922 1613 2156 1678 Plinius,
2181 1615 2275 1668 lib.
2307 1617 2392 1680 V,

1365 1707 1482 1761 cap.
1519 1707 1585 1743 1:
1627 1717 1651 1738 a
1675 1691 1908 1745 Africam
1949 1691 2127 1745 Graeci
2167 1693 2394 1765 Libyam

1366 1771 1751 1840 appellavere..
1769 1811 1782 1824 .
1814 1771 1974 1825 Lixos
2004 1773 2088 1824 vel
2117 1773 2397 1828 fabulosis·

1364 1851 1496 1902 sime
1523 1851 1756 1922 antiquis
1785 1852 2064 1904 celebrata.
2101 1852 2186 1904 lbi
2227 1869 2398 1906 naon

1364 1929 1561 1994 Antaei,
1579 1943 1954 2002 certamenque
1967 1950 2088 1983 cum
2105 1933 2387 1986 Hercule.-

1364 2009 1427 2061 In
1469 2009 1574 2061 alio
1613 2011 1858 2063 similiter
1893 2029 2146 2076 nummo,
2184 2012 2278 2083 qui
2318 2023 2398 2066 est

1362 2086 1566 2141 ibidem
1605 2107 1829 2155 aureus,
1862 2107 2098 2142 unncvu
2129 2109 2397 2145 turnuc-

1361 2185 1498 2220 τιιιο
1535 2167 1768 2240 legitur:
1797 2170 1854 2222 in
1886 2188 1952 2222 eo
1991 2169 2250 2224 Hercules
2289 2171 2395 2224 hu·

1362 2248 1524 2301 meris
1553 2260 1719 2318 gestat
1755 2267 1946 2320 aprum
1977 2249 2034 2302 in
2062 2251 2394 2321 Erymantho

1364 2327 1604 2380 Arcadia
1633 2339 1817 2381 monte
1848 2341 2063 2399 captum
2087 2347 2100 2382 :
2137 2341 2196 2382 ut
2226 2330 2394 2401 signi·

1359 2407 1552 2462 ficetur
1594 2407 1774 2460 feritas
1807 2407 2043 2461 hominis
2075 2427 2104 2461 a
2137 2410 2393 2463 Postumo

1359 2485 1612 2540 debellati
1639 2486 1824 2540 similis
1852 2505 1999 2559 apro.
2036 2489 2113 2542 Ea
2144 2488 2393 2542 similitu·

1360 2565 1489 2619 dine
1519 2586 1645 2619 usus
1677 2579 1756 2620 est
1780 2567 1937 2619 etiam
1971 2568 2136 2620 Vates
2164 2569 2392 2640 Regius,

1358 2647 1495 2698 Psoi.
1523 2665 1715 2712 mxxix,
1737 2665 1875 2699 vers.
1908 2665 1928 2700 ι
1947 2653 1976 2710 a
1993 2685 2010 2712 ,
2034 2647 2132 2699 ubi
2149 2645 2216 2699 de
2239 2649 2392 2702 vinea

1360 2725 1610 2790 Domini,
1636 2727 1741 2779 hoc
1779 2737 1890 2790 est,
1916 2725 1984 2779 de
2010 2739 2150 2780 terra
2183 2727 2390 2780 Israeli-

1358 2807 1500 2871 tica‚
1549 2823 1708 2876 quam
1758 2799 2058 2858 Philistoeus
2107 2807 2385 2871 vastabat,

1366 2909 1389 2932 ι
1413 2885 1798 2937 Exiet-minavit
1824 2903 1938 2938 eam
1958 2925 1974 2950 ,
2003 2886 2211 2957 inquit,
2243 2903 2386 2939 nnn

1358 2963 1425 3017 de
1460 2965 1622 3030 silva,
1651 2964 1934 3034 singularis
1967 2966 2108 3020 ferus
2136 2963 2386 3036 depastus

1358 3057 1438 3096 est
1472 3061 1608 3096 eam.
1645 3069 1667 3089 n
1710 3045 1898 3115 Neque
1938 3045 2083 3096 enim
2113 3045 2169 3096 in
2197 3044 2387 3098 Galliis

1357 3137 1448 3176 aut
1489 3123 1889 3194 Erymanthus,
1925 3137 2018 3177 aut
2055 3125 2222 3196 Libya
2245 3163 2262 3188 ,
2295 3137 2387 3178 aut

1354 3203 1576 3273 Magusa
1615 3202 1898 3274 querenda
1938 3215 2043 3267 est,
2081 3217 2169 3257 aut
2195 3205 2385 3270 Creta,

1357 3295 1447 3336 aut
1488 3285 1686 3352 Argos3
1725 3301 1848 3335 nam
1888 3293 1942 3335 et
1975 3299 2212 3336 nnncvm
2253 3301 2386 3336 cnt-

1354 3379 1515 3414 must
1548 3375 1602 3414 et
1635 3379 1874 3414 nnncvm
1911 3379 2120 3414 Αιιοινο
2147 3361 2386 3434 ejusdem

1354 3442 1670 3494 numismata
1714 3439 1956 3512 quadam
2011 3441 2258 3495 feruutur
2302 3441 2388 3494 in·

1356 3522 1574 3592 scripta.
1611 3519 1718 3573 Sed
1745 3523 1923 3572 Denso
1961 3519 2261 3583 dumtaxat,
2289 3521 2384 3575 ubi

1357 3601 1461 3654 alia
1487 3598 1722 3670 ejusdem
1752 3600 1989 3652 Postumi
2015 3601 2241 3653 Romani
2267 3619 2386 3672 per-

1358 3699 1505 3734 cussa
1533 3691 1658 3732 sunt
1683 3699 1748 3732 ex
1775 3697 1877 3732 aere
1910 3697 2106 3750 magno
2132 3693 2184 3733 et
2210 3696 2274 3732 ex
2300 3697 2388 3733 ar-

1357 3773 1552 3830 gento,
1595 3777 1716 3812 cum
1753 3759 1854 3812 hac
1889 3761 2207 3830 epigraphe,
2243 3776 2390 3812 unn-

1356 3859 1484 3893 cvu
1517 3856 1912 3900 nanentensi,
1947 3839 2058 3891 sive
2092 3857 2213 3891 cum
2254 3839 2390 3891 Her·

1358 3919 1523 3985 culis,
1557 3918 1665 3970 sive
1702 3937 1824 3971 cum
1860 3917 2050 3988 templi
2087 3919 2297 3988 effigie:
2331 3931 2391 3970 ut

1358 3997 1502 4069 apud
1533 4001 1601 4051 D.
1642 3999 1934 4050 vunnu·
1953 4037 1968 4064 ,
1995 4016 2116 4070 pag.
2157 4001 2264 4068 187
2285 4037 2298 4058 ,
2338 4011 2392 4050 et

1358 4077 1506 4150 apud
1545 4078 1888 4142 Tristanum,
1933 4091 2064 4131 tom.
2105 4077 2228 4140 111,
2267 4095 2386 4149 pag.
