2950 5017
532 432 678 505 116
1083 434 1162 503 C.
1206 430 1533 502 PLINII
1584 428 1793 500 NAT.
1848 430 2101 499 HIS‘l'.

525 564 839 635 Venaria.
862 561 1072 633 Ilva¹⁹
1106 584 1265 633 cum
1298 562 1458 634 ferri
1482 561 1795 645 metallis,
1814 563 2095 631 circuitu
2120 574 2389 630 centum
2430 556 2591 630 mill.
2622 553 2665 630 a

529 670 900 767 Populonio
935 670 1165 741 decem
1187 695 1257 758 ,a
1272 672 1523 741 Graecis
1548 666 1833 737 AEthalia
1848 668 2045 737 dicta.
2065 666 2169 736 Ab
2185 691 2264 735 ea
2288 666 2664 752 Planasia'⁰,

534 776 846 847 xxxv1n²¹
889 800 970 847 Μ.
1019 778 1126 845 Ab
1177 776 1282 847 his
1339 776 1517 847 ultra
1564 774 1878 842 Tiberina
1928 774 2096 842 ostia
2180 774 2315 843 in²²
2374 775 2665 843 Antiano

530 888 810 968 Astura,
855 908 1008 953 mox
1059 868 1491 964 Palmaria²³,
1529 880 1836 967 Sinonia,
1870 894 1939 949 et
1978 878 2331 979 adversum
2368 881 2667 948 Formias
2732 932 2743 942 .
2780 874 2787 879 ’

466 1008 496 1061 3
534 991 806 1060 Pontiae.
821 991 904 1058 In
923 989 1290 1059 Puteolano
1308 1003 1533 1059 autem
1552 987 1701 1057 sinu
1722 970 2208 1069 Pandataria¹⁴,
2237 986 2569 1078 Prochyta
2588 971 2666 1052 ²⁵:

534 1122 672 1166 non
707 1095 792 1165 ab
847 1081 1130 1165 AEneae²⁶
1177 1097 1470 1184 nutrice,
1514 1092 1630 1164 sed
1674 1094 1834 1188 quia
1880 1092 2153 1187 profusa
2169 1093 2217 1132 ²⁷
2264 1091 2349 1160 ab
2404 1092 2673 1159 AEnaria

536 1278 722 1339 insula
747 1301 950 1356 parvae,
973 1284 1146 1337 Ilvam
1163 1284 1305 1337 inter
1332 1296 1386 1337 et
1401 1285 1564 1335 Piam-

1721 1275 1808 1333 23.
1839 1281 2117 1347 Palmaria,
2142 1292 2247 1333 etc.
2285 1278 2553 1332 Palmaria
2574 1280 2675 1333 ho·

535 1368 668 1417 bino.
702 1362 1013 1417 Harduinus
1049 1363 1358 1417 Maenariam
1393 1367 1565 1417 nomi·
1645 1355 1732 1415 die
1772 1364 2078 1413 Palmamla.
2120 1360 2339 1414 Sinonia
2360 1398 2377 1425 ,
2420 1364 2673 1423 Sennone,

538 1444 620 1497 nis
673 1440 904 1516 quadam
963 1441 1314 1496 similitudine
1372 1442 1567 1497 ductus

541 1527 754 1577 Melon'a
777 1542 890 1577 esse
915 1523 1107 1588 credit,
1134 1543 1253 1597 quae
1278 1524 1457 1599 portui
1482 1524 1570 1577 Li-

539 1604 712 1655 burno
737 1602 973 1675 objacet3
1006 1603 1100 1657 sed
1117 1616 1199 1664 ‚ut
1221 1603 1298 1657 ait
1316 1605 1567 1657 Manner·

541 1694 647 1748 tus,
671 1681 788 1735 brec
800 1694 1010 1735 tantum
1036 1701 1192 1755 rupes
1213 1695 1292 1737 est
1310 1721 1327 1747 ,
1347 1683 1433 1737 cui
1451 1684 1570 1737 nul-

543 1760 656 1811 lum
681 1778 876 1813 nomen
905 1772 1048 1813 certe
1070 1762 1195 1827 fuit,
1223 1774 1346 1815 ante
1370 1775 1571 1815 exstru-

542 1852 682 1892 ctam
721 1838 844 1890 satis
872 1852 1138 1892 recentem
1165 1840 1221 1892 in
1254 1860 1316 1893 ea
1348 1841 1569 1903 turrim,

548 1932 667 1990 que
702 1928 971 1970 nocturno
1007 1916 1223 1972 navium
1273 1918 1574 1973 Libui-num

547 2009 763 2069 portum
824 1997 1118 2068 petentium
1185 1999 1363 2051 cursui
1429 1998 1575 2072 ignes

550 2073 795 2129 ostendit.
836 2075 944 2128 En.

630 2172 712 2220 19·
733 2158 858 2206 Ilva.
880 2153 1106 2206 Rutilius
1126 2148 1182 2206 in
1201 2153 1385 2206 Itiner.
1413 2154 1510 2209 lib.
1532 2150 1577 2218 I,

554 2250 676 2305 pag.
724 2232 824 2300 309
867 2250 882 2284 ε
938 2232 1234 2287 «Occurrit
1273 2233 1575 2306 Chalybum

556 2311 912 2365 memorabilis
948 2312 1063 2366 Ilva
1101 2313 1344 2367 metallis.
1369 2338 1392 2361 ι
1421 2310 1577 2366 Nunc

555 2384 686 2442 Elbo
731 2389 940 2451 dicitur,
992 2404 1178 2445 contra
1214 2391 1577 2445 Plumbinum.

557 2468 762 2522 Eadem
785 2468 988 2521 Azenia
1014 2487 1111 2523 cur
1144 2483 1450 2541 nuncupata
1476 2472 1577 2535 sit,

559 2538 706 2601 disce
728 2559 789 2601 ex
808 2547 1096 2621 Stephano.
1119 2546 1293 2603 Ilvam
1313 2549 1381 2602 ab
1393 2550 1582 2603 AEtha-

560 2628 629 2679 lia
656 2645 938 2698 perperam
977 2629 1206 2701 sejungit
1243 2626 1583 2695 ptolemeus,

563 2716 616 2759 et
649 2724 773 2759 mox
798 2708 1074 2761 AEnariam
1097 2726 1314 2761 rursum
1350 2726 1384 2761 a
1409 2708 1587 2763 Pithe-

563 2804 704 2841 cusa.
729 2786 914 2839 Hsnn.

640 2883 722 2918 ao.
754 2869 1012 2918 Planasia.
1061 2866 1184 2919 Non
1225 2879 1406 2920 autem
1448 2887 1483 2921 c
1520 2887 1587 2923 x.

564 2962 704 3017 pass.
753 2957 814 2996 ut
855 2946 928 2997 ait
971 2944 1179 3011 Noster,
1227 2946 1322 3000 sed
1376 2947 1591 3000 circiter

565 3041 666 3076 nx
707 3022 952 3077 circuitu.
999 3024 1178 3078 Insula
1241 3024 1315 3079 Μ.
1376 3025 1591 3080 Pisonis

563 3101 810 3157 Planasia
836 3119 867 3154 a
886 3103 1124 3157 Varrone
1160 3102 1388 3169 dicitur,
1425 3104 1494 3159 de
1514 3104 1591 3159 Re

565 3193 697 3235 rust.
713 3181 808 3234 lib.
833 3182 944 3247 111,
973 3202 1033 3236 ca
1080 3223 1093 3236 .
1127 3186 1180 3237 6.
1209 3183 1384 3239 Hodie
1415 3198 1474 3239 ut
1508 3179 1591 3238 di-

566 3259 1028 3326 ximus,.Pianosa.
1099 3279 1154 3316 n.

643 3358 727 3393 αι.
762 3344 1056 3393 XXXVIII.
1082 3341 1168 3395 Sic
1185 3340 1326 3413 apud
1355 3342 1591 3398 Chifflet.

567 3418 752 3473 Dalec.
784 3434 836 3474 et
873 3420 982 3473 Elz.
1013 3424 1248 3474 XXXIX.
1273 3420 1372 3473 Hic
1407 3434 1589 3477 autem

566 3498 800 3569 graviter
815 3516 990 3552 errare
1018 3498 1229 3553 videtur
1245 3498 1457 3566 Noster,
1473 3506 1589 3554 Pia·

568 3596 696 3628 nasa
727 3578 871 3631 enim
890 3578 978 3631 vix
998 3597 1082 3633 vn
1117 3596 1179 3631 κ.
1203 3598 1343 3652 pass.
1368 3582 1438 3634 ab
1461 3585 1592 3634 Elba

567 3652 747 3710 distat.
790 3656 897 3710 En.

644 3753 727 3787 aa.
746 3739 808 3786 In
835 3740 1055 3788 Antiano
1075 3742 1282 3791 Astura.
1313 3736 1420 3792 Ubi
1447 3741 1594 3793 colo·

568 3810 658 3865 nia
678 3812 896 3866 Antium
912 3852 928 3877 ,
955 3817 1149 3868 Astura
1176 3816 1376 3871 flumen
1416 3828 1470 3870 et
1508 3821 1593 3873 in·

570 3890 717 3956 sula,
763 3904 824 3945 ut
863 3892 1127 3961 diximus,
1163 3914 1282 3967 cap.
1321 3916 1372 3964 9.
1407 3894 1594 3951 Hann-

559 3998 642 4019 ..-
663 3961 840 4024 Insula
865 3972 1094 4026 maxime
1123 3974 1312 4045 exigua
1332 3987 1483 4030 vetus
1504 3996 1595 4031 no-

570 4058 696 4099 meu
715 4086 733 4113 ‚
775 4063 836 4104 ut
853 4050 1084 4117 videtur,
1107 4068 1298 4109 servat.
1315 4054 1422 4109 Eu.

1648 1442 1883 1494 Caietam
1898 1460 2102 1493 versus.
2126 1439 2340 1495 Caeteris
2356 1441 2524 1511 major
2541 1439 2677 1491 Pon-

1648 1521 1747 1584 tia,
1765 1524 1903 1572 Isola
1928 1522 1985 1571 di
2020 1527 2191 1573 Ponza
2223 1542 2241 1573 .·
2278 1521 2537 1574 universa
2566 1519 2679 1571 fere

1649 1598 1927 1653 communi
1948 1600 2204 1654 vocabulo
2228 1600 2429 1654 Pontiae
2448 1598 2681 1672 appella-

1652 1693 1735 1733 ιω.
1764 1679 1941 1731 Unica
1963 1678 2213 1733 Straboni
2250 1680 2455 1740 Ποντῖα,
2474 1680 2566 1731 lib.
2586 1679 2647 1730 11
2663 1716 2680 1741 ,

1650 1777 1769 1830 pag.
1807 1758 1925 1811 123.
1955 1756 2166 1811 Pontiae
2193 1758 2551 1813 multitudiuis
2574 1778 2679 1811 nu-

1653 1856 1799 1890 mero
1824 1874 1839 1900 ‚
1884 1835 2039 1890 Livio
2055 1878 2071 1903 ‚
2110 1836 2199 1889 lib.
2240 1838 2321 1890 IX
2345 1880 2360 1904 ,
2408 1857 2527 1909 cap.
2578 1840 2679 1891 28:

1654 1915 1875 1970 «Volsci
1905 1912 2167 1980 Pontias‚'
2186 1917 2411 1970 insulam
2440 1918 2597 1973 sitam
2627 1918 2683 1972 in

1655 2006 1940 2067 conspectu
1960 1995 2146 2050 littoris
2164 1998 2245 2050 sui
2260 2035 2275 2059 ,
2296 1996 2683 2051 incoluerant.-

1655 2076 1894 2129 F'ortasse
1920 2078 2144 2144 Pontiae,
2166 2076 2311 2148 quod
2338 2096 2447 2131 uuo
2466 2079 2687 2131 nomine

1655 2156 1995 2227 appellantur
2020 2174 2145 2207 cum
2175 2156 2363 2209 Pontia
2389 2158 2503 2229 ipsa
2521 2196 2536 2221 ,
2570 2169 2687 2211 tum

1656 2234 1865 2307 exiguae
1892 2236 2100 2299 insulae,
2115 2255 2261 2289 nunc
2278 2240 2333 2288 la
2352 2244 2524 2299 Bone,
2548 2242 2688 2291 Ven-

1658 2318 1862 2377 dotem«,
1884 2328 1986 2369 etc.
2010 2314 2283 2368 dicuntur.
2301 2318 2401 2370 En.

1733 2401 1814 2459 24.
1834 2397 2161 2447 Pandataria.
2172 2395 2349 2449 Chiffl.
2371 2401 2691 2461 Pandateria,

1659 2472 2011 2545 quodlegitur
2036 2476 2191 2527 etiam
2218 2476 2274 2528 in
2302 2476 2565 2549 plerisque
2592 2478 2693 2531 Ta·

1661 2553 1758 2606 citi
1786 2551 2123 2620 editionibus,
2150 2556 2337 2609 Annal.
2365 2556 2461 2609 lib.
2484 2558 2545 2617 1,
2576 2576 2692 2630 cap.

1668 2624 1771 2697 53;
1814 2632 2059 2704 quamvis
2100 2633 2195 2687 lib.
2223 2634 2386 2698 XIV,
2433 2654 2549 2708 cap.
2596 2640 2697 2703 63,

1666 2714 1975 2764 Pandataria
2001 2710 2223 2782 legatur.
2242 2714 2491 2768 Straboni
2514 2717 2609 2770 lib.
2626 2718 2697 2781 V,

1668 2808 1725 2861 p.
1760 2790 1861 2843 233
1887 2831 1902 2853 ,
1945 2789 2285 2863 Πανὸαταρία.
2304 2794 2459 2849 Melie
2488 2796 2578 2848 lib.
2600 2797 2656 2849 11
2680 2838 2698 2863 ,

1669 2884 1787 2941 cap.
1809 2887 1865 2938 7,
1888 2882 1943 2923 et
1960 2870 2145 2936 Dioni,
2164 2873 2284 2935 LV,
2317 2892 2381 2925 10
2398 2912 2417 2939 ,
2438 2881 2700 2929 Pantade·

1669 2950 1765 3002 ria.
1786 2949 1943 3001 Nunc
1968 2955 2271 3005 Ventote'ene.
2296 2954 2395 3007 En.

1746 3030 1827 3081 25.
1856 3032 2117 3097 Prochyta.
2156 3034 2375 3103 Προχύτῃ
2400 3032 2703 3105 Stephano,

1672 3099 1834 3160 hodie
1883 3112 2089 3159 Pmcida
2105 3147 2123 3173 ,
2161 3124 2348 3165 contra
2388 3128 2704 3184 promonto—

1669 3186 1809 3238 rium
1836 3186 2121 3242 Misenum.
2146 3188 2327 3243 Iliun.

1747 3268 1829 3318 26.
1853 3272 1966 3318 Non
1993 3271 2056 3317 ab
2070 3272 2246 3321 AEneae
2269 3274 2475 3324 nutrice.
2503 3273 2581 3327 Ut
2598 3274 2709 3329 exi-

1672 3346 1906 3399 stimavit
1945 3347 2165 3420 Dionys.
2204 3350 2382 3422 Antiq.
2418 3354 2574 3409 Rom.
2610 3356 2707 3413 lib.

1676 3416 1735 3491 1,
1755 3422 1811 3497 p'.
1837 3432 1867 3489 4
1876 3425 1923 3478 3.
1952 3424 2134 3481 Han.
2678 3446 2683 3453 ·

1755 3524 1839 3575 27.
1867 3510 1996 3574 Quia
2019 3510 2229 3577 profusa
2252 3517 2315 3564 ab
2336 3516 2554 3567 AEnatia
2574 3536 2705 3573 emt.

1680 3584 1817 3648 Quia
1842 3597 1992 3638 motu
2020 3600 2173 3642 terro
2192 3590 2411 3654 avulsa,
2448 3612 2514 3647 ac
2544 3598 2713 3652 veluti

1679 3661 1737 3713 in
1762 3663 1924 3715 altum
1952 3669 2191 3739 projecta
2225 3669 2295 3722 ab
2315 3672 2531 3727 AEnaria
2552 3712 2572 3738 ‚
2614 3696 2712 3733 eeu

1682 3740 1959 3797 Pithecusa
1980 3784 1997 3811 ,
2043 3744 2199 3799 soret.
2243 3748 2432 3802 Strabo
2454 3792 2469 3816 ,
2524 3753 2619 3809 lib.
2638 3756 2713 3820 V,

1682 3838 1735 3891 p.
1769 3828 1889 3891 ²47·
1914 3822 1992 3875 Ex
2020 3823 2105 3877 liis
2122 3826 2277 3880 Plinii
2298 3830 2475 3884 verbis
2496 3832 2715 3888 Martia·

1682 3916 1786 3954 nus
1829 3897 2059 3955 ridicule
2103 3904 2442 3961 Ahaenariam
2484 3910 2713 3967 insulam

1680 3976 1850 4032 finxit.
1887 3972 2061 4035 Hm.
2101 4015 2173 4025 -
2208 3986 2439 4052 Quidam
2464 3994 2712 4045 AEaaatia

1682 4056 1885 4129 ubique
1910 4059 1999 4114 hic
2024 4062 2277 4118 scribunt.
2304 4066 2511 4122 Dum.
