2950 5017
455 1017 487 1069 3

535 440 677 527 482

1085 444 1164 511 C.
1219 440 1551 511 PLINII
1597 443 1815 513 NAT.
1866 446 2122 515 HIST.

534 574 750 644 cuitus
795 596 922 643 xlx
969 572 1129 643 mill.
1184 598 1501 669 passuum
1550 589 1682 661 est,
1748 578 1923 645 intra
1970 575 2357 673 Palaetyro²¹
2400 579 2673 651 inclusa.

533 678 880 776 Oppidum
928 680 1143 775 ipsum
1201 704 1358 751 xxn
1417 679 1627 750 stadia
1684 681 1957 752 obtinet.
2002 683 2171 753 Inde
2206 687 2483 781 Sarepta
2496 688 2568 773 ⁸²,
2610 702 2679 755 et

532 774 940 856 Ornithon²³
956 785 1206 881 oppida
1233 812 1249 854 ε
1283 801 1352 856 et
1379 787 1589 857 Sidon
1614 787 1852 857 artifex
1872 780 1923 825 ²⁴
1944 790 2134 878 vitri,
2162 791 2677 887 Thebarumque

530 896 932 962 Boeotiarum
969 916 1228 987 parens.

639 989 809 1093 (xx.)
852 1000 911 1068 A
951 1014 1142 1092 tergo
1178 987 1383 1092 ejus²⁵
1427 1022 1623 1067 mons
1658 999 1955 1069 Libanus
1998 1026 2226 1091 orsus,
2270 1002 2447 1073 mille
2474 1006 2679 1099 quin-

527 1108 742 1201 gentis
773 1105 1000 1176 stadiis
1030 1106 1356 1197 Simyram
1379 1128 1589 1198 usque
1619 1107 1983 1202 porrigitur
2006 1096 2082 1195 ²⁶,
2112 1134 2243 1204 qua
2276 1108 2463 1181 Coele
2488 1111 2681 1205 Syria

525 1213 1052 1308 cognominatur.
1083 1212 1260 1280 Huic
1287 1233 1434 1305 par,
1455 1211 1889 1305 interjacente
1906 1213 1955 1254 ⁸⁷
1986 1213 2182 1299 valle,
2217 1242 2413 1285 mons
2441 1216 2680 1285 adver-

524 1342 634 1387 sus
693 1312 1105 1387 Antilibanus
1158 1317 1545 1385 obtenditur
1600 1318 1939 1411 quondam
1998 1344 2197 1390 muro
2258 1322 2679 1416 conjunctus.

522 1425 684 1494 Post
725 1414 942 1493 eum²⁸
980 1425 1341 1510 introrsus,
1390 1423 1879 1517 Decapolitana
1918 1426 2103 1520 regio
2138 1440 2239 1496 est
2262 1480 2283 1511 ‚
2324 1427 2685 1523 praedictae-

521 1556 652 1625 que
688 1554 840 1600 cum
869 1553 947 1599 ea
973 1528 1381 1616 tetrarchiae,
1419 1542 1488 1597 et
1514 1526 1876 1600 Palaestinae
1905 1545 2047 1601 tota
2076 1530 2328 1603 laxitas.
2356 1536 2441 1602 At
2468 1534 2538 1601 in
2560 1556 2685 1602 ora

522 1638 886 1705 etiamnum
904 1636 954 1676 ²⁹
997 1634 1296 1729 subjecta
1325 1634 1624 1721 Libane,
1658 1634 1903 1706 fluvius
1930 1639 2249 1733 Magoras
2274 1624 2359 1720 ³⁰3
2398 1643 2685 1733 Berytus

606 1850 635 1883 2
651 1849 672 1883 ι
685 1870 699 1883 .
725 1830 996 1899 Paloetrm.
1017 1828 1322 1899 Παλαῖτυρος
1343 1816 1429 1895 (ea
1448 1846 1556 1880 vox

522 1910 802 1981 antiquam
835 1910 1046 1981 Tyrum
1083 1904 1264 1970 sonat)
1291 1944 1308 1972 ,
1337 1923 1498 1978 quam
1526 1923 1559 1957 a

522 1990 672 2061 Tyro
697 2007 840 2043 nova
867 1988 1062 2043 distare
1091 1985 1274 2041 stadiis
1296 2005 1428 2051 xxx,
1451 1985 1557 2037 hoc

524 2083 636 2135 est,
662 2086 802 2139 pass.
841 2082 924 2123 ter
959 2066 1138 2130 mine,
1165 2084 1337 2132 noct,
1368 2076 1559 2118 auctor

523 2160 605 2204 est
627 2149 848 2214 Strabo,
867 2148 965 2200 lib.
991 2146 1154 2210 XVI,
1180 2162 1302 2216 pag.
1331 2144 1462 2215 758.
1487 2144 1557 2195 H.

610 2246 705 2283 υ.
727 2228 850 2281 Inde
873 2225 1100 2295 Sarepta.
1126 2226 1250 2277 Vet.
1270 2241 1357 2295 ap.
1376 2222 1559 2277 Dalec.

525 2309 760 2378 Sat-apta.
807 2303 1035 2377 Σαριφθὰ
1063 2304 1327 2374 Joseplm,
1371 2302 1559 2374 Antiq.

525 2389 620 2441 lib.
639 2386 806 2451 vm,
825 2404 946 2458 cap.
972 2404 1029 2456 7,
1056 2402 1178 2456 pag.
1201 2382 1316 2454 785
1336 2420 1352 2447 ,
1379 2382 1561 2436 medio

526 2468 737 2538 Tyrum
771 2466 942 2531 iuter,
973 2476 1026 2517 et
1067 2461 1354 2527 Sidonem,
1392 2460 1561 2515 inter·

525 2547 687 2601 vallo.
696 2544 838 2599 Hinc
853 2546 1142 2614 Sareptana
1155 2542 1319 2596 vidua
1331 2580 1348 2607 ,
1366 2543 1434 2594 R.
1447 2542 1535 2593 111
1545 2578 1563 2605 ,

537 2646 559 2679 1
572 2645 604 2695 7
615 2666 628 2680 .
650 2626 916 2678 Hactenus
934 2621 1142 2677 editum
1159 2623 1234 2676 sie
1247 2633 1356 2675 est:
1381 2648 1404 2669 -
1425 2620 1565 2675 Inde

527 2703 784 2775 Evhydra
799 2744 815 2766 ‚
847 2705 1084 2775 Sarepta.
1103 2728 1126 2751 ι
1176 2700 1282 2755 Sed
1324 2702 1375 2753 E
1380 2702 1563 2773 oley-dm

529 2785 666 2838 nulli
687 2784 839 2837 MSS.
865 2794 1176 2854 agnoscunt.
1199 2770 1396 2851 Evud‘pa.
1417 2782 1565 2835 Stra-

531 2865 715 2928 bonis,
737 2863 836 2917 lib.
878 2863 1046 2927 XVI,
1086 2878 1207 2933 pag.
1252 2860 1393 2932 753,
1423 2862 1565 2914 ultra

531 2942 772 2997 Aradum
793 2943 890 2995 sita
903 2980 921 3009 ,
933 2960 1042 2995 non
1065 2954 1148 2994 est
1165 2940 1331 3012 hujus
1349 2940 1474 2995 loci.
1492 2938 1564 2994 Η.

530 3054 612 3067 —-
631 3023 864 3094 Sarepta
907 3020 1222 3075 memoriam
1266 3032 1438 3073 servat
1482 3019 1565 3072 lo-

532 3120 650 3167 cus,
665 3120 830 3173 quem
852 3100 1076 3169 Sarsand
1093 3098 1272 3154 vocari
1293 3100 1368 3153 ait
1392 3098 1565 3153 n'An·

533 3200 717 3236 um.
737 3183 845 3234 En.

616 3262 707 3317 23.
737 3260 1000 3315 Ornithon.
1027 3257 1212 3313 Medio
1237 3276 1458 3331 quoque
1480 3259 1567 3311 in-

537 3340 760 3395 tervallo
780 3340 994 3411 Tyrum
1033 3338 1176 3393 inter
1199 3350 1254 3391 et
1277 3336 1535 3391 Sidonem
1548 3376 1566 3404 ‚

533 3422 641 3475 hoc
669 3432 774 3485 est,
811 3430 1033 3473 centum
1055 3418 1328 3491 utrimque
1351 3416 1565 3483 stadiis,

537 3502 647 3555 sive
671 3518 806 3571 pass.
828 3517 912 3553 κη
927 3496 998 3552 ιζ
1019 3516 1077 3553 n.
1097 3486 1305 3569 ὀρνίθων
1327 3500 1466 3559 πόλις
1482 3505 1567 3551 λε-

535 3584 748 3652 γομένη,
770 3579 994 3644 Avium,
1015 3594 1110 3631 seu
1135 3578 1303 3633 mavis
1321 3576 1563 3631 Gallina-

533 3678 656 3712 rum
679 3657 968 3731 oppidum,
998 3674 1032 3711 a
1047 3658 1314 3711 Strabone
1342 3656 1565 3711 colloca·

533 3753 650 3803 tur,
669 3738 767 3792 lib.
791 3739 960 3803 XVI,
983 3754 1106 3809 pag.
1127 3736 1260 3807 758.
1280 3737 1562 3790 Ham).—

533 3820 692 3871 Nunc
718 3817 926 3883 Eleu-bi,
942 3828 1158 3870 auctore
1181 3814 1372 3870 eodem
1389 3816 1563 3870 n’Au·

527 3916 712 3949 vinus.
739 3896 844 3951 En.

609 3982 700 4039 24.
733 3978 808 4029 Ee
851 3974 1004 4028 Sidon
1041 3976 1240 4042 artifex.
1281 3975 1556 4041 Quoniam

519 4074 694 4109 arenae
718 4056 970 4117 vitrariae,
999 4052 1070 4109 de
1094 4054 1290 4127 quibus
1313 4058 1555 4127 superius

1642 1824 1875 1888 dictum,
1904 1828 2161 1883 Sidonem
2211 1829 2555 1889 deferuntur.
2588 1834 2687 1885 ubi

1644 1906 1887 1961 fornaces
1914 1908 2250 1981 officiumque
2269 1912 2528 1977 viu-arias,
2566 1928 2687 1965 are-

1640 2004 1829 2039 narum
1868 1987 2067 2042 fusioni
2112 2002 2267 2060 aptas.
2304 1992 2493 2044 Strabo
2508 2030 2523 2055 ‚
2562 1992 2689 2045 loeo

1644 2066 1823 2119 citato·
1846 2066 2025 2127 Hodie
2046 2066 2211 2123 Saide.
2234 2071 2419 2123 Haan.

1730 2144 1823 2199 25.
1844 2146 1899 2200 A
1926 2160 2063 2219 tergo
2090 2151 2208 2219 ejas.
2229 2147 2461 2204 Sidonis.
2490 2150 2691 2205 Haut).

1730 2228 1824 2279 26.
1853 2226 2151 2299 Por-rigitur.
2186 2229 2233 2280 A
2267 2226 2467 2283 Sidone
2500 2230 2691 2301 Simy-

1644 2322 1761 2357 ram
1785 2322 1981 2377 usque,
2006 2324 2189 2361 versus
2208 2309 2689 2380 septemtrionem:

1646 2402 1765 2456 quie
1786 2402 1908 2456 pars
1943 2386 2110 2457 Syria
2137 2387 2284 2442 Coele
2306 2386 2535 2455 dicitur,
2577 2390 2691 2443 hoc

1647 2474 1754 2529 est,
1782 2464 1942 2519 cava.
1970 2467 2154 2519 Hann-

1734 2562 1825 2613 ²7-
1850 2544 2169 2615 interjacente
2192 2544 2341 2599 velle.
2354 2547 2419 2598 In
2450 2548 2693 2618 Amphi·

1647 2622 1837 2676 theatri
1863 2624 2091 2678 formam
2126 2645 2141 2677 τ
2174 2624 2457 2679 claudente
2486 2628 2691 2683 vallem

1648 2720 1677 2755 a
1688 2704 2071 2774 septemtrione
2084 2716 2139 2757 et
2152 2705 2219 2757 ab
2234 2722 2424 2759 occasu
2438 2746 2454 2773 ,
2467 2708 2692 2763 Libano

1646 2794 1830 2835 monte
1842 2820 1857 2848 ,
1870 2800 2031 2855 quem
2051 2802 2199 2837 nunc
2210 2785 2399 2855 populi
2412 2784 2693 2853 incolunt,

1647 2860 1781 2915 dicti
1800 2862 1869 2914 les
1884 2864 2175 2917 Druseuah
2188 2864 2411 2917 meridie
2434 2878 2491 2919 et
2506 2868 2695 2921 orien-

1647 2953 1735 3005 te,
1760 2942 2103 3009 Antilibano,
2140 2943 2464 2997 I‘Antae’lt'ban.
2496 2946 2693 3001 Hann-

1734 3024 1825 3077 28.
1840 3020 1967 3074 Post
1986 3042 2109 3077 eum.
2132 3021 2263 3076 Post
2279 3024 2659 3079 Antilibanum
2676 3068 2697 3093 ,

1649 3118 1831 3154 versus
1852 3114 2035 3156 ortum
2070 3102 2221 3167 solis,
2262 3104 2557 3158 Damascus
2596 3128 2697 3162 oe·

1648 3181 1817 3234 currit
1830 3218 1847 3245 ‚
1864 3194 1919 3234 et
1936 3182 2343 3253 Decapolitana:
2366 3201 2559 3237 versus
2582 3205 2695 3239 me-

1648 3259 1839 3313 ridiem
1853 3298 1869 3324 ‚
1894 3261 2215 3325 laxissimas,
2244 3262 2349 3315 hoc
2368 3276 2449 3315 est
2462 3304 2481 3325 ,
2498 3266 2695 3319 vastis·

1649 3340 1813 3395 simus
1836 3341 2125 3395 Palaestinoe
2154 3353 2374 3394 tractus.
2406 3342 2608 3397 Ham).

1731 3436 1817 3489 29.
1846 3420 1925 3473 At
1962 3424 2014 3472 in
2048 3440 2137 3472 om
2167 3424 2425 3473 etiamnum
2462 3424 2695 3494 subjecta

1648 3499 1837 3553 Libano
1854 3538 1871 3565 ,
1896 3501 2084 3570 fluvius
2120 3499 2380 3571 Magoras.
2434 3502 2693 3559 chifflet.

1652 3606 1675 3629 ι
1692 3580 1749 3633 in
1770 3596 1865 3633 ora
1886 3590 2063 3632 autem
2085 3580 2323 3651 subjecta
2336 3580 2557 3635 Libano
2584 3583 2693 3637 flu·

1648 3658 1765 3712 vius
1792 3660 2043 3729 Nagoras.
2066 3684 2091 3705 ι
2126 3660 2233 3711 En.

1727 3740 1817 3792 30.
1845 3739 2102 3807 Magoras.
2132 3738 2242 3803 Qui
2268 3738 2559 3801 Straboni,
2588 3740 2719 3795 lib:

1644 3818 1808 3883 XVI,
1836 3834 1959 3889 pag.
1982 3818 2092 3888 756
2107 3859 2123 3882 ,
2140 3816 2325 3870 medio
2343 3818 2525 3889 spatio
2544 3820 2695 3875 inter

1644 3898 1899 3953 Sidonem
1925 3908 1979 3949 et
2004 3897 2277 3966 Berytum.
2304 3898 2467 3949 Nunc
2488 3914 2695 3953 vocant

1642 3976 2695 4049 incoloefflatrialingumNalw-el-Dem:

1644 4055 1818 4109 Haut).
1856 4066 1908 4108 et
1934 4054 2034 4108 En.
