2950 5017
747 383 1251 453 PARADISI
1317 381 2008 452 TERRESTRIS.
2309 380 2451 478 775

307 503 532 564 fluvius,
559 502 656 574 qni
691 495 770 557 sic
793 501 1076 556 dividitur.
1103 504 1242 558 Nam
1268 501 1467 558 fluvius
1484 543 1501 568 ,
1528 501 1703 574 inquit
1736 502 1947 570 Moses,
1972 499 2347 572 egrediebatur
2384 502 2457 557 de

309 591 431 644 loco
469 591 751 662 voluptatis
777 588 851 644 ad
875 589 1213 662 irrigandum
1245 589 1561 644 Paradisum
1584 607 1601 642 t
1626 589 1723 664 qui
1750 588 2029 644 Paradisus
2049 629 2067 656 ,
2092 589 2269 661 qualis
2290 602 2372 644 est
2394 589 2457 644 in

309 696 378 732 eo
402 679 524 732 loco
563 678 849 751 voluptatis
863 714 880 741 ,
907 678 1173 734 dividitur
1211 691 1440 753 quatuor
1473 679 1815 753 regionibus,
1848 678 1945 732 ubi
1982 689 2111 733 sunt
2142 677 2317 748 capita
2354 689 2456 732 tot-

309 766 456 822 idem
480 765 780 822 fluviorum.
820 765 984 820 Haud
1015 766 1177 820 dubie
1216 766 1360 820 euim
1383 767 1565 820 retulit
1593 766 1835 839 vulgatus
1858 764 2125 838 Interprea
2156 784 2457 839 pronomen

307 855 588 912 relativum
610 859 700 925 qut'
710 891 728 918 ,
746 855 814 909 ad
835 855 1214 910 substantivum
1241 874 1437 912 nomen
1461 859 1692 908 Par-adiri
1706 895 1725 922 ,
1742 854 1891 927 quod
1909 855 2150 926 proxime
2168 853 2455 910 antecedit.

307 948 439 996 Inde
457 944 648 1016 igitur,
675 945 766 999 ubi
785 943 988 998 fluvius
1005 954 1178 998 totum
1195 945 1380 1017 irrigat
1399 942 1713 999 Paradisum
1730 963 1748 1011 ς
1773 962 1885 996 non
1904 942 2031 998 inde
2048 943 2143 998 ubi
2159 962 2217 998 se
2235 943 2292 998 in
2312 961 2461 998 mare

309 1044 589 1098 exonerat,
617 1033 784 1088 leucis
808 1052 836 1086 a
863 1032 1112 1088 Paradiso
1138 1033 1353 1106 triginta
1375 1072 1392 1099 ,
1418 1046 1511 1088 ant
1534 1053 1599 1088 eo
1630 1033 1893 1107 amplius3
1918 1033 2011 1086 sed
2034 1037 2179 1097 inde,
2204 1033 2425 1106 inquam
2443 1071 2461 1100 ,

309 1124 408 1176 ubi
431 1121 742 1176 Paradisum
767 1122 910 1177 subit
931 1135 985 1178 et
1009 1123 1227 1196 irrigat,
1249 1119 1509 1178 dividitur
1529 1122 1815 1178 Paradisus
1835 1123 1979 1195 ipse,
2002 1133 2057 1176 et
2080 1122 2253 1195 qualia
2272 1141 2463 1196 quam-

309 1229 420 1282 que
456 1227 696 1264 amenus
725 1209 798 1262 ibi
825 1208 1184 1283 conspicitur,
1211 1222 1290 1264 est
1314 1210 1428 1282 ipse
1449 1249 1468 1277 ,
1498 1209 1594 1264 aed
1634 1223 1840 1264 tantum
1868 1227 1933 1264 ex
1958 1221 2107 1280 parte
2124 1247 2141 1273 ,
2172 1214 2225 1262 in
2250 1225 2463 1278 quattuor

309 1301 552 1366 capitibus
577 1297 861 1352 fluviorum
889 1317 1016 1352 mox
1035 1297 1491 1371 assignandos-um.
1516 1297 1583 1352 Id
1610 1298 1759 1370 quod
1778 1299 1897 1352 fleri
1924 1311 2067 1352 certe
2088 1297 2237 1352 nulla
2256 1298 2465 1354 ratione

310 1397 516 1458 potest,
553 1386 599 1440 si
623 1385 790 1441 dividi
811 1385 1038 1440 fluvium
1071 1385 1338 1454 dicimus;
1367 1405 1432 1442 nc
1472 1387 1519 1440 si
1556 1385 1729 1440 dividi
1761 1387 2199 1458 interpretamur,
2226 1398 2287 1440 ut
2303 1387 2465 1460 vulgo

309 1474 406 1538 fit,
429 1473 628 1530 abdere
645 1493 703 1528 se
721 1492 932 1528 amnem
959 1475 1018 1528 in
1041 1487 1244 1539 terras,
1262 1487 1324 1530 ut
1353 1474 1412 1528 in
1441 1486 1671 1547 quatuor
1694 1473 1920 1530 diversis
1942 1474 2079 1528 locis
2104 1488 2293 1545 postea
2318 1474 2467 1528 idem

311 1573 566 1634 emergat.
599 1563 739 1616 Nam
775 1564 820 1616 si
847 1562 924 1616 ibi
947 1582 1004 1617 se
1035 1562 1190 1616 terris
1225 1561 1438 1629 condit,
1463 1562 1576 1616 sive
1604 1561 1663 1614 in
1694 1563 1937 1635 ingressu
1964 1561 2203 1616 Pan-adini
2220 1601 2239 1629 ,
2266 1561 2379 1618 sive
2405 1562 2463 1614 in

309 1651 458 1704 exitu
475 1688 493 1714 ,
519 1650 794 1704 undenam
818 1650 986 1705 fluvio
1013 1650 1212 1706 deinde
1235 1649 1503 1706 sufficient
1532 1669 1683 1722 aquo
1699 1690 1715 1713 ,
1738 1669 1875 1723 quas
1908 1649 2159 1706 devolvat
2190 1651 2249 1704 in
2278 1653 2469 1706 mare?

309 1739 486 1792 Nulla
523 1740 764 1810 profecto
796 1751 1021 1811 possunt
1045 1738 1238 1794 deinde
1264 1758 1556 1812 superesse.
1599 1743 1723 1792 Iade
1752 1740 1915 1812 igitur
1948 1743 2105 1792 divide·
2118 1779 2137 1807 ,
2164 1739 2468 1796 divisumve

309 1827 556 1900 conspici
601 1831 654 1880 ἰιι
695 1843 912 1896 quamcr-
934 1831 1177 1896 capitibus
1217 1830 1418 1900 (prave
1455 1829 1599 1882 enim
1636 1841 1691 1883 et
1724 1841 1911 1882 contra
1935 1829 2077 1901 leges
2106 1829 2234 1883 artis
2270 1829 2467 1884 Gram-

309 1915 524 1970 matico
564 1914 764 1970 dicitur
797 1913 993 1968 fluvius
1035 1933 1146 1968 esse
1185 1919 1236 1968 in
1276 1931 1493 1984 quatuor
1532 1919 1697 1984 capita
1720 1937 1741 1968 .·
1767 1915 1862 1970 sed
1901 1915 2278 1971 Grammatico
2322 1916 2466 1989 leges

309 2014 544 2074 poscunt
562 2041 579 2066 ,
615 2001 722 2056 dici
753 2001 1066 2056 Paradisum
1100 2003 1189 2056 vel
1213 2005 1367 2056 dividi
1399 2006 1452 2054 in
1480 2017 1694 2070 quatuor
1724 2005 1891 2072 capita
1905 2039 1923 2067 ,
1950 2015 2015 2056 ut
2046 2015 2191 2058 recte
2219 2005 2467 2076 vulgatus

311 2090 620 2162 Inter-pren
655 2091 738 2144 vel
756 2128 773 2153 ‚
813 2101 873 2144 ut
898 2102 1044 2144 recte
1080 2092 1279 2163 pariter
1310 2090 1541 2162 scriptor
1577 2089 1867 2155 Hebroeus,
1900 2115 1925 2140 ι
1948 2090 2153 2155 dividi,
2188 2103 2241 2148 et
2268 2111 2383 2148 esse
2402 2091 2464 2146 in

312 2189 547 2250 quatuor
578 2177 844 2250 capitibus
861 2203 888 2222 ι»
913 2176 1196 2232 fluminum
1217 2183 1237 2248 )
1261 2198 1276 2244 ;
1307 2177 1433 2232 inde
1453 2215 1472 2242 ,
1506 2177 1725 2250 inquam
1741 2215 1758 2242 ,
1783 2181 1936 2231 dividi
1964 2177 2309 2243 Paradisum,
2333 2199 2465 2234 con-

311 2265 552 2336 spicique
575 2284 701 2322 eum
727 2292 754 2312 α
769 2283 882 2319 esse
905 2264 962 2318 in
986 2277 1218 2336 quatuor
1235 2265 1503 2339 capitibus
1520 2292 1545 2312 a
1559 2303 1577 2331 ,
1600 2264 1763 2318 alium
1785 2263 1985 2320 habere
2008 2285 2224 2322 sensum
2250 2269 2463 2322 nullum

311 2353 650 2424 prohabilem
671 2366 880 2426 potest,
907 2367 1100 2426 praeter
1119 2353 1284 2408 istum
1305 2375 1319 2408 z
1346 2353 1448 2406 Illa
1473 2352 1705 2408 Paradisi
1730 2355 2025 2416 amonitae,
2044 2355 2217 2427 qualia
2235 2367 2311 2410 eat
2326 2397 2343 2424 ,
2367 2357 2465 2410 uhi

313 2439 511 2496 fluvius
545 2441 734 2512 irrigat
769 2439 1084 2496 Paradisum
1101 2479 1120 2506 ,
1151 2461 1182 2494 a
1221 2443 1334 2495 Deo
1373 2440 1662 2508 dividitur,
1696 2443 2134 2516 aspectabiliaque
2176 2444 2255 2498 sic
2294 2445 2463 2500 divisa

311 2526 558 2584 redditur
592 2528 776 2584 incolis
810 2529 1090 2600 regionum
1115 2565 1134 2592 ,
1171 2527 1264 2582 nbi
1289 2541 1414 2584 sunt
1440 2541 1673 2600 quatuor
1708 2527 1999 2584 fluviorum
2042 2530 2247 2602 capita,
2273 2532 2369 2586 ubi
2402 2533 2463 2586 hi

311 2635 472 2688 agros
487 2617 732 2672 similiter
752 2635 928 2672 secare
946 2617 1208 2691 incipiunt
1227 2629 1278 2670 et
1295 2617 1537 2690 irrigare.
1557 2617 1700 2672 Nam
1724 2631 1867 2672 extra
1888 2618 1979 2672 illa
1996 2621 2165 2688 capita
2184 2620 2295 2676 sive
2310 2621 2465 2676 initia

315 2703 604 2760 fluviorum
621 2743 642 2772 ,
666 2718 948 2779 postquam
965 2705 1024 2758 hi
1051 2705 1186 2758 alios
1205 2723 1460 2777 accepere
1485 2725 1669 2759 amnes
1682 2743 1699 2770 ,
1720 2720 1777 2759 et
1796 2724 1957 2777 agros
1979 2705 2135 2779 aquis
2160 2706 2427 2762 inundant
2440 2747 2465 2774 ,

313 2809 500 2850 carent
527 2797 774 2869 regiones
803 2797 1106 2850 amoenitate
1129 2795 1222 2849 illa
1238 2836 1258 2863 ,
1285 2814 1405 2867 quat
1429 2795 1569 2850 circa
1595 2796 1771 2850 fontes
1800 2797 2067 2867 ipsorum,
2094 2797 2189 2850 ubi
2214 2798 2387 2854 lenius
2408 2811 2467 2854 et

311 2885 528 2958 parcius
555 2884 624 2941 de
649 2905 747 2940 suo
769 2899 978 2941 tantum
997 2885 1198 2947 fluunt,
1217 2884 1462 2960 jucunde
1484 2885 1679 2940 detinet
1708 2895 2111 2958 pretereuntes,
2133 2896 2227 2939 aut
2251 2888 2464 2942 eminus

313 2974 718 3048 prospicientes.
737 2977 867 3026 Inda
889 2973 1082 3045 igitur,
1108 2973 1214 3027 hoc
1233 2985 1342 3039 est,
1365 2991 1426 3028 ex
1444 2992 1507 3026 ea
1528 2973 1771 3028 Paradisi
1795 2984 1945 3044 parte
1960 2973 2348 3042 ammniuima,
2368 2977 2463 3032 ahi

311 3079 508 3134 nempe
541 3061 716 3132 ipsum
745 3059 944 3115 fluvius
977 3061 1194 3141 irrigat,
1231 3061 1376 3113 Deus
1406 3061 1635 3114 formam
1672 3071 1728 3114 et
1760 3061 2057 3132 exemplar,
2086 3060 2369 3133 imaginem
2398 3083 2465 3120 ae

313 3148 726 3204 similitudinem
749 3149 1074 3204 ammnitntis
1107 3149 1254 3202 illius
1282 3147 1524 3220 accepit,
1555 3167 1721 3221 quam
1747 3148 1891 3222 agris
1921 3159 2151 3220 quatuor
2175 3149 2465 3222 impertiit,

315 3237 604 3292 fluviorum
638 3236 860 3292 totidem
891 3250 1010 3292 ortu
1038 3249 1092 3290 et
1121 3236 1432 3307 irrigatione
1457 3237 1657 3309 pariter
1689 3236 2045 3309 peramoenis:
2072 3235 2167 3290 sed
2196 3257 2357 3310 quam
2388 3240 2465 3296 ita

315 3325 570 3397 impertiit
591 3365 610 3393 ,
644 3337 707 3378 ut
730 3324 970 3380 eamdem
1009 3344 1074 3378 eo
1099 3324 1402 3388 dividente,
1441 3325 1501 3378 in
1526 3325 1755 3396 singulis
1785 3325 2055 3396 capitibus
2085 3305 2398 3392 fluviorum,
2434 3346 2469 3382 e

315 3425 556 3485 quatuor
573 3431 702 3468 mox
723 3412 1090 3486 appellandis,
1113 3423 1302 3486 quarta
1323 3411 1695 3466 tantummodo
1718 3431 1838 3486 para
1856 3423 2141 3484 appareret
2152 3413 2469 3470 amenitatis

317 3501 579 3556 Paradisi.

387 3589 522 3642 Eam
556 3588 632 3642 ob
655 3607 764 3642 rem
799 3606 930 3642 usus
962 3599 1044 3642 eat
1078 3587 1338 3642 Hebrams
1373 3587 1610 3660 scriptor
1642 3587 1823 3641 Mones
1859 3587 2026 3640 verbo
2064 3589 2343 3652 ᾰίνίὼιᾶς
2368 3590 2465 3645 ubi

315 3676 538 3732 Graecua
562 3676 838 3748 Inter-pres
874 3676 1054 3730 minus
1078 3689 1200 3748 apte
1224 3675 1436 3749 scripsit
1469 3677 1741 3748 ἀφορίζεται
1756 3711 1775 3738 ,
1810 3677 2124 3728 seminatur.-
2156 3675 2258 3730 aed
2280 3678 2471 3734 melius

317 3765 408 3820 alii
425 3765 668 3836 μιρίζιται
685 3765 958 3828 scribunt,
978 3777 1042 3818 ut
1063 3764 1200 3818 infra
1223 3763 1484 3820 dicemus.
1518 3763 1665 3818 Nihil
1687 3763 1949 3818 attinebat
1974 3775 2119 3816 certe
2138 3781 2171 3816 a
2198 3763 2469 3839 Scriptore

319 3871 476 3907 sacro
495 3849 730 3904 describi
750 3863 860 3906 tam
884 3853 1116 3924 prolixe,
1145 3870 1340 3925 nempe
1364 3853 1608 3906 versibus
1624 3863 1885 3925 quatuor,
1906 3867 2185 3922 quousque
2200 3871 2257 3906 se
2276 3851 2469 3908 fluvius

321 3938 677 4006 diffunderet,
693 3959 790 4012 per
807 3954 1040 4008 meatus,
1059 3939 1104 3996 ai
1126 3941 1422 4009 credimus,
1435 3942 1830 3996 subterraneos.
1844 3938 1929 3994 Ad
1947 3941 2468 3998 commendationem

327 4047 456 4086 vero
487 4027 729 4084 Paradiai
756 4027 1056 4100 plurimum
1089 4028 1386 4103 pertinebat
1418 4028 1647 4102 exponi,
1672 4041 1919 4101 quartam
1954 4027 2233 4084 dumtaxat
2258 4044 2467 4104 partem

2017 4125 2155 4232 49⁴
