2950 5017
553 440 692 507 18-

1102 440 1176 504 C.
1236 438 1593 505 PLINII
1653 435 1876 503 NAT.
1935 436 2196 502 HIST.

536 570 713 665 quod
738 572 776 638 J
780 568 1060 638 ulienses
1080 592 1095 635 τ
1118 568 1313 637 Vesci
1328 554 1404 654 ⁵⁶,
1420 566 1601 662 quod
1621 566 1935 635 Faventia
1958 591 1973 633 :
1995 549 2308 659 Singili⁵⁵,
2330 550 2696 659 Attegua⁵⁶‚

532 816 753 881 nanim
772 812 921 887 quod
939 831 1051 866 non
1072 809 1570 865 animadverterunt

533 896 787 950 nonnulli
839 894 1186 964 interpretes,
1240 911 1374 963 quos
1428 892 1570 944 inter

534 979 841 1030 Pomsmnr
874 991 949 1026 nn
978 972 1151 1026 Sn‘nr
1181 972 1276 1045 qui
1303 990 1389 1025 eas
1412 972 1572 1024 urbes

533 1076 697 1109 unam
772 1052 1125 1125 eamdemque
1189 1071 1299 1105 esse
1379 1064 1534 1123 putat
1555 1088 1574 1117 ,

536 1155 697 1209 quam
719 1136 869 1205 Eciia
892 1146 1062 1195 vocat,
1093 1130 1369 1186 adversam
1392 1145 1572 1184 tamen

536 1216 807 1269 sententiae
847 1232 954 1266 suae
996 1212 1309 1285 opinionem
1348 1210 1572 1265 Martini

538 1296 609 1350 de
642 1297 786 1359 Ros,
814 1293 871 1346 in
911 1293 1051 1347 Hist.
1082 1292 1292 1361 Astigit.
1330 1292 1422 1344 fol.
1464 1289 1534 1343 13
1556 1330 1572 1357 ‚

538 1377 804 1439 referens,
851 1374 946 1445 qui
990 1373 1130 1426 hanc
1172 1373 1363 1424 urbem
1408 1369 1574 1423 hodie

538 1474 649 1509 esse
678 1456 894 1508 Albania
915 1494 930 1518 ‚
962 1454 1101 1506 inter
1124 1452 1365 1506 Granada
1390 1464 1442 1505 et
1462 1450 1576 1503 Ma-

539 1538 657 1607 [αέα
673 1576 689 1599 ,
713 1532 863 1587 haud
888 1532 1156 1586 immerito
1172 1570 1189 1598 ,
1214 1544 1276 1585 ut
1304 1550 1403 1604 ego
1425 1549 1576 1595 reor,

539 1633 665 1668 eum
691 1613 937 1668 docebat.
970 1612 1123 1666 Hanc
1150 1611 1465 1683 opinionem
1493 1629 1576 1663 se-

541 1695 727 1767 quitur
754 1707 809 1747 et
836 1695 1165 1746 Mannertus.
1198 1694 1305 1746 En.

627 1774 719 1839 54.
782 1775 961 1837 Vesci,
996 1772 1129 1845 quod
1156 1772 1410 1825 Faventia.
1454 1772 1579 1824 Pto·

540 1856 729 1909 lemaeo
759 1854 865 1907 loc.
908 1854 998 1907 cit.
1037 1853 1267 1914 Οὖεσκις.
1300 1851 1579 1905 Girolamo

544 1935 776 1988 Ruscelli
817 1952 933 1987 eam
965 1932 1127 1986 etiam
1164 1950 1313 1985 nunc
1341 1932 1581 1983 Faventia

544 2016 745 2081 vocari,
756 2014 925 2085 Niger
938 2014 1129 2065 urbem
1152 2030 1261 2065 esse
1274 2012 1330 2061 V
1322 2012 1446 2075 elez,
1468 2030 1580 2063 non

546 2096 739 2168 procul
787 2095 853 2146 ab
904 2094 1117 2145 interno
1162 2091 1299 2145 mari
1341 2104 1396 2145 et
1448 2091 1584 2143 urbe

546 2176 743 2237 Mon-it,
759 2172 1122 2238 contendunt;
1145 2190 1243 2242 ego
1260 2183 1441 2223 autem
1450 2170 1588 2223 Har-

546 2254 777 2307 duinum
827 2253 983 2324 sequi
1032 2252 1275 2316 mallem,
1318 2251 1415 2322 qui
1466 2268 1586 2303 eam

550 2333 861 2397 Archidona,
876 2334 1018 2385 inter
1034 2331 1315 2404 Antequera
1334 2344 1387 2384 et
1402 2330 1456 2383 A
1458 2330 1589 2382 lcala

554 2415 605 2466 la
630 2414 757 2465 Real
776 2431 887 2465 esse
914 2424 1083 2484 putat.
1108 2412 1211 2464 En.

638 2493 730 2547 55.
750 2492 949 2562 Singili·
977 2491 1262 2549 Nonnulli,
1292 2504 1353 2546 ut
1380 2508 1510 2544 mox
1533 2491 1589 2543 in

552 2576 781 2643 Attegua
833 2571 1103 2637 dicemus,
1139 2570 1353 2641 Singilia
1390 2572 1593 2641 legunt,

552 2672 653 2706 nos
667 2666 845 2705 autem
856 2652 1125 2705 Ortelium
1142 2650 1594 2721 Harduinumque

556 2734 709 2804 sequi
740 2733 1058 2797 maluimus,
1086 2730 1191 2783 illis
1218 2744 1397 2785 tamen
1430 2731 1592 2783 mini-

554 2830 644 2865 me
691 2813 1036 2865 assentientes
1054 2851 1069 2877 ,
1125 2826 1295 2883 quum
1346 2809 1592 2864 eamdem

556 2893 699 2945 hanc
728 2891 921 2944 urbem
940 2890 1290 2964 Antiquarum
1308 2931 1324 2955 ,
1356 2892 1467 2944 sive
1487 2892 1597 2943 An-

564 2974 784 3023 ticariam
806 2970 1082 3023 Antonino
1102 2968 1300 3024 dictam
1322 2972 1483 3024 fuisse
1507 2990 1595 3023 vo·

556 3052 697 3104 lunt.
726 3052 1066 3115 nummu,
1090 3052 1262 3105 multo
1288 3052 1512 3115 rectius,
1536 3062 1597 3103 ut

525 3181 531 3187 .
556 3130 774 3203 opinor,
787 3130 1019 3184 diversas
1037 3130 1197 3184 fuisse
1220 3132 1380 3184 urbes
1396 3144 1593 3184 censet.

560 3210 833 3264 Anticaria
864 3210 922 3264 in
954 3210 1041 3265 via
1070 3229 1292 3265 romana
1332 3212 1431 3265 sita
1460 3211 1597 3277 fuit,

558 3292 735 3345 forsan
752 3309 862 3362 quo
876 3292 997 3343 loco
1014 3290 1179 3344 hodie
1198 3305 1277 3345 est
1286 3292 1592 3363 Antequem,

558 3370 879 3443 Singilisque
916 3369 984 3423 ad
1010 3372 1185 3443 ripam
1212 3371 1367 3424 fluvii
1398 3390 1598 3443 cogno-

558 3451 748 3514 minis,
782 3469 928 3504 nunc
968 3451 1064 3503 flio
1100 3450 1253 3505 Geni!
1292 3450 1456 3517 dicti,
1488 3470 1597 3524 quo

560 3530 681 3583 loco
708 3548 855 3583 nunc
888 3543 967 3584 est
988 3532 1176 3584 Peoente
1208 3532 1269 3583 de
1298 3532 1413 3584 Doti
1452 3532 1598 3585 Gon-

562 3612 689 3663 zalo.
732 3610 1019 3664 Anticaria
1058 3624 1271 3683 reperta
1310 3612 1596 3683 inscriptio

559 3687 704 3762 apud
722 3690 880 3744 Grut.
910 3704 1105 3756 exstat,
1132 3710 1248 3763 pag.
1275 3693 1410 3762 437,
1434 3692 1600 3744 Muni-

556 3773 651 3840 cip.
680 3769 1071 3840 &agilibus-ium,
1098 3774 1255 3843 cujus
1280 3772 1599 3826 auctoritate

558 3862 736 3902 motus
764 3849 1095 3915 οἈιτνιιιιι,
1118 3852 1441 3905 Anticariam
1476 3852 1599 3905 Sin-

556 3929 679 3999 gilis
727 3930 1029 3983 auctoritati
1073 3932 1385 3985 submissam
1440 3932 1600 3985 fuisse

556 4022 737 4079 putat,
770 4008 865 4063 sed
882 4048 896 4075 ‚
922 4022 985 4063 ut
1001 4012 1109 4083 jam
1144 4031 1254 4065 non
1278 4013 1441 4066 semel
1466 4010 1602 4065 dixi-

556 4108 676 4143 mus
694 4127 711 4157 ‚
742 4090 881 4143 falsae
912 4104 1256 4163 recentesque
1304 4106 1427 4146 sunt
1456 4093 1600 4146 Gru-

1659 812 1760 863 teri
1817 810 2192 881 inscriptiones
2219 850 2234 876 ‚
2281 810 2534 881 nullaque
2591 810 2698 861 illis

1658 889 1792 943 fides
1812 888 2134 943 adhibenda.
2156 891 2261 943 En.

1767 972 1858 1023 56.
1911 972 2154 1040 Attegua.
2211 970 2367 1023 Prius
2418 970 2698 1039 legebatur

1660 1050 1875 1121 Singilia
1891 1092 1906 1113 ‚
1927 1050 2128 1121 Hegua.
2150 1050 2273 1103 Scio
2295 1050 2350 1101 in
2366 1050 2472 1102 hoc
2489 1051 2700 1102 Baeticae

1662 1144 1834 1183 tractu
1882 1131 2096 1201 Αῖγουαν
2133 1149 2166 1183 a
2205 1130 2469 1183 Strabone
2509 1131 2698 1193 citari,

1660 1211 1755 1265 lib.
1775 1211 1881 1275 111,
1901 1230 2022 1282 pag.
2048 1216 2114 1275 14
2129 1228 2150 1261 1
2172 1249 2186 1270 ,
2215 1209 2309 1263 sed
2334 1229 2504 1281 quum
2527 1210 2699 1279 Singi-

1661 1291 1902 1360 liattegua
1945 1291 2004 1343 in
2043 1291 2197 1342 MSS.
2239 1291 2532 1355 scribatur,
2569 1292 2698 1361 Reg.

1671 1390 1694 1423 1
1719 1408 1736 1435 ,
1784 1389 1811 1421 α
1833 1409 1849 1437 ,
1887 1385 1988 1424 etc.
2025 1370 2210 1439 Singili
2233 1390 2254 1422 .·
2290 1374 2514 1439 Atti-gua
2552 1369 2698 1422 haud

1664 1464 1980 1504 cunctanter
2006 1468 2248 1521 agnosco.
2273 1451 2410 1503 Nam
2446 1449 2514 1503 de
2549 1453 2702 1503 Atte-

1662 1548 1763 1601 gua
1819 1532 2057 1602 primum
2109 1530 2214 1581 Dio
2275 1531 2524 1583 meminit
2593 1530 2692 1582 lib.

1665 1610 1878 1675 XLIII,
1899 1629 2021 1682 pag.
2066 1611 2193 1664 230.
2235 1602 2495 1682 Ᾰττιγοὺσι
2530 1612 2702 1671 πόλις,

1665 1688 1812 1742 haud
1853 1690 2045 1762 procul
2076 1688 2332 1743 Corduba
2350 1732 2365 1756 ,
2395 1710 2506 1743 non
2541 1691 2702 1743 semel

1668 1783 1844 1823 autem
1893 1770 2130 1835 Hirtius,
2177 1771 2216 1822 l.
2258 1769 2328 1823 de
2365 1770 2510 1823 bello
2547 1770 2700 1841 Hisp.

1669 1868 1787 1921 pag.
1815 1848 1926 1920 259
1947 1890 1962 1915 ,
1987 1860 2040 1903 et
2062 1853 2408 1921 Atteguenses
2428 1851 2710 1922 Pompeia-

1668 1944 1861 1985 narum
1904 1930 2138 2001 partium
2181 1931 2344 1983 fuisse
2389 1930 2576 1983 scribit
2605 1932 2708 1982 Va·

1669 2010 1832 2062 lerius
1877 2011 2025 2062 Max.
2071 2012 2167 2064 lib.
2209 2011 2321 2073 IX,
2372 2030 2491 2082 cap.
2533 2030 2561 2063 π
2582 2049 2599 2077 ,
2653 2018 2703 2073 4.

1671 2090 2198 2144 ΗΔιιυ.-Μπίειηει
2222 2109 2437 2163 quoquc
2465 2091 2558 2143 lib.
2589 2091 2673 2144 111
2692 2128 2709 2151 ,

1671 2168 1872 2223 Histor.
1935 2171 2158 2243 Hispan.
2214 2190 2332 2243 cap.
2389 2190 2454 2223 21
2486 2212 2502 2236 ‚
2540 2164 2712 2223 ‘Aete-

1670 2270 1774 2320 gua
1793 2290 1810 2314 ‚
1843 2251 2050 2322 inquit,
2091 2252 2274 2305 decimo
2317 2264 2452 2303 sexto
2494 2251 2558 2301 ab
2593 2251 2709 2303 urbe

1679 2328 1908 2389 Corduba
1945 2331 2106 2403 lapide
2145 2335 2241 2383 sita
2272 2344 2379 2383 crat
2397 2373 2413 2395 ,
2459 2351 2553 2403 quo
2586 2350 2711 2382 nunc

1676 2410 1783 2463 loco
1809 2416 1962 2463 ruinae
1987 2424 2172 2465 tantum
2195 2423 2386 2464 exstant
2405 2412 2550 2464 Tehoe
2575 2424 2712 2463 vete-

1678 2493 1747 2541 ris
1773 2494 1962 2543 nomine
1993 2510 2007 2545 ε
2048 2491 2200 2546 addit
2235 2490 2548 2545 Harduinus
2582 2493 2714 2543 Tem

1679 2573 1794 2639 veja
1807 2611 1822 2635 ,
1845 2584 1991 2625 sexto
2011 2571 2120 2626 fere
2139 2572 2356 2625 milliari
2371 2572 2440 2625 ab
2457 2572 2714 2643 Antiqua-

1679 2650 1759 2705 ria
1777 2651 2040 2723 Hispalim
2058 2653 2334 2717 euntibus,
2354 2672 2464 2704 non
2480 2650 2716 2704 animad-

1681 2742 1894 2785 vertens
1938 2732 2054 2785 haec
2093 2752 2214 2785 cum
2243 2734 2498 2786 Marianae
2537 2732 2714 2784 verbis

1680 2810 1864 2863 decimo
1891 2824 2030 2864 sexto
2055 2814 2118 2865 ab
2146 2814 2261 2865 urbe
2294 2813 2524 2867 Corduba
2555 2813 2714 2883 lapide

1681 2910 1950 2962 pugnare;
1979 2912 2102 2945 nam
2133 2892 2224 2946 illa
2252 2891 2322 2945 de
2347 2912 2450 2964 qua
2477 2894 2716 2964 loquitur

1691 2972 1824 3023 Teba
1851 2992 1979 3026 var
2008 2992 2072 3025 Μ.
2105 2992 2237 3045 pass.
2275 2992 2304 3025 a
2339 2973 2599 3027 Corduba
2632 2971 2716 3025 di-

1683 3064 1804 3105 stat.
1825 3052 2024 3105 Forsan
2051 3054 2164 3106 haec
2193 3054 2326 3106 Teba
2343 3094 2358 3118 ,
2382 3056 2532 3123 juxta
2553 3072 2718 3125 quam

1683 3144 1892 3186 montes
1915 3133 2082 3186 Sierra
2104 3133 2165 3185 de
2187 3135 2383 3205 Yeguas
2408 3132 2540 3186 dicti
2567 3150 2720 3205 repe·

1682 3212 1900 3266 riuntur
1918 3253 1933 3278 ,
1963 3214 2239 3267 Strabonis
2262 3219 2454 3285 Αΐγουα.
2476 3214 2602 3280 fuit;
2617 3215 2718 3265 Ae-

1685 3302 1830 3361 tegua
1871 3306 2052 3346 autem
2092 3292 2414 3366 requirenda
2456 3306 2534 3346 est
2577 3294 2720 3346 inter

1684 3372 1871 3425 Puente
1898 3374 1958 3425 de
1985 3374 2106 3426 Dan
2137 3374 2395 3441 szalo,
2432 3373 2581 3445 quod
2618 3393 2718 3443 op-

1683 3452 1900 3525 pidum,
1919 3466 2140 3513 auctore
2160 3455 2488 3521 n’Anvuut,
2509 3452 2721 3525 Singilis

1685 3545 1792 3597 est,
1817 3544 1871 3585 et
1894 3534 2150 3599 Corduba,
2176 3535 2397 3588 fortasse
2425 3553 2534 3587 non
2561 3536 2719 3605 longe

1685 3613 1753 3665 ab
1781 3614 2020 3683 Aguilar,
2047 3615 2105 3667 in
2131 3616 2250 3686 ripa
2269 3615 2421 3667 fluvii
2447 3634 2594 3667 nunc
2617 3615 2718 3666 Ca-

1687 3692 1776 3744 bra
1813 3694 2004 3747 vocati.
2049 3696 2231 3767 Longe
2272 3696 2376 3748 alia
2413 3707 2594 3748 tamen
2645 3705 2722 3745 est

1687 3772 1956 3826 Mannerti
1986 3776 2173 3847 opinio
2190 3816 2207 3842 ,
2236 3776 2329 3849 qui
2356 3775 2501 3828 hanc
2530 3775 2720 3828 urbem

1688 3852 1756 3905 ad
1785 3856 2218 3925 septemtrionem
2247 3856 2405 3909 Baetis
2447 3856 2601 3927 ponit
2623 3894 2638 3921 ‚
2669 3866 2721 3906 et

1690 3934 1835 3986 illam
1871 3934 2011 3988 inter
2045 3948 2098 3989 et
2123 3937 2360 3989 Ucubim
2399 3936 2612 3989 fluxisse
2651 3934 2722 3985 ait

1691 4012 1892 4067 flumen
1929 4015 2165 4081 Salsum,
2197 4014 2349 4088 quod
2379 4016 2545 4071 hodie
2578 4017 2720 4071 Gua-

1689 4094 1826 4146 diato
1853 4096 2030 4151 vocari
2059 4094 2209 4149 dicit.
2239 4096 2344 4149 En.
