2950 5017
584 489 736 561 600
1136 495 1217 561 C.
1265 495 1592 565 PLINII
1644 493 1850 563 NAT.
1909 491 2158 561 HIS'I'.

588 621 754 690 tudo
791 636 939 692 est:
982 617 1265 692 latitudo
1312 649 1642 720 nusquam
1696 623 1904 693 infra²
1934 621 2128 693 duo
2103 644 2364 716 jugera.
2407 604 2706 690 Eionem³

590 742 855 798 vocant.
891 729 1075 797 Ora
1057 754 1199 823 ipsa
1230 732 1598 826 Bosphori,
1632 732 1967 824 utrimque
2005 753 2090 798 ex
2139 728 2296 797 Asia
2302 739 2548 865 atque
2587 729 2713 795 Eu-

592 858 795 951 ropa,
824 850 1144 903 curvatur
1181 837 1250 904 in
1303 839 1600 907 Maeotin.
1641 836 1943 966 Oppida,
1993 835 2063 903 in
2102 819 2331 903 aditu⁴
2374 831 2714 928 Bosphori,

593 941 812 1033 primo
852 929 1335 1012 Hermonassa⁵
1358 943 1597 1031 ,dein
1591 927 1817 1037 Cepi⁶
1863 939 2296 1010 Milesiorum.
2335 941 2505 1008 Mox
2549 939 2718 1007 stra-

595 1044 839 1114 toclia⁷
859 1100 880 1133 ,
944 1061 1011 1116 et
1049 1035 1505 1143 Phanagoria⁸
1534 1104 1555 1138 ,
1597 1062 1666 1118 et
1715 1073 1905 1143 paene
1946 1046 2284 1116 desertum
2327 1041 2722 1140 Apaturos’,

592 1150 963 1282 ultimoque
1011 1153 1082 1220 in
1154 1156 1326 1224 ostio
1382 1152 1886 1225 Cimmerium¹⁰
1899 1206 1920 1242 ,
1985 1152 2167 1247 quod
2231 1165 2434 1221 antea
2493 1148 2724 1220 Cerbe-

593 1249 1514 1434 gonk‘vocabatur.(v11.)
1567 1260 1734 1334 Inde
1787 1260 2050 1329 Maeotis
2083 1257 2304 1344 lacus,
2345 1260 2418 1326 in
2473 1259 2726 1349 Europa

642 1360 881 1433 nctus¹²

609 1592 633 1627 1
661 1613 677 1636 ,
704 1591 729 1626 a
746 1611 763 1638 ,
788 1573 966 1628 chiffl.
988 1575 1153 1628 Paris.
1184 1577 1521 1649 aliorumque
1543 1595 1632 1630 co·

604 1651 790 1706 dicum
816 1652 1093 1708 admonitu
1109 1695 1125 1721 ,
1157 1674 1309 1710 nxvxx
1325 1695 1341 1722 ,
1364 1674 1487 1726 quse
1505 1673 1632 1710 vera

604 1750 855 1786 mensura
878 1745 958 1786 est
973 1773 989 1796 ,
1013 1735 1339 1788 restituimus
1356 1735 1634 1810 :congruit

606 1811 749 1864 enim
794 1829 855 1866 ea
897 1812 1101 1867 mirum
1132 1814 1191 1866 in
1235 1813 1459 1868 modum
1508 1831 1634 1867 cum

608 1890 829 1944 Arriani
846 1908 1123 1958 mensura,
1143 1893 1239 1965 qui
1264 1892 1443 1948 stadiis
1464 1893 1638 1946 omni·

610 1989 685 2022 no
712 1969 1015 2042 quingentis
1034 1984 1089 2026 et
1130 1992 1199 2026 ιι.
1236 1973 1467 2044 spatium
1499 1971 1640 2025 illud

612 2047 803 2102 definit
823 2082 842 2111 ‚
883 2048 1033 2122 quod
1062 2070 1161 2122 per
1191 2063 1357 2104 totam
1384 2051 1639 2124 peninsu-

613 2128 722 2182 lam
754 2146 785 2181 a
814 2128 1032 2182 Sindica
1071 2130 1144 2185 ad
1182 2131 1518 2202 Bosphorum
1549 2149 1641 2184 ex-

614 2207 818 2262 currit:
834 2208 948 2262 hoc
970 2222 1075 2277 est,
1098 2227 1251 2264 nxvn
1280 2211 1415 2264 mill.
1440 2229 1502 2264 ιι.
1526 2227 1646 2283 pas-

614 2304 791 2342 suum.
822 2286 1011 2341 Hm).

704 2385 756 2420 a.
792 2367 955 2434 Infra.
990 2367 1116 2421 Vet.
1158 2367 1303 2440 apud
1332 2369 1642 2440 Dalecamp.

618 2451 769 2501 itura.
790 2445 898 2501 En.

1717 1577 1828 1630 sius
1853 1575 2150 1646 Periegetes
2169 1613 2187 1638 ,
2219 1592 2360 1628 vers.
2409 1572 2519 1628 553
2543 1610 2562 1638 ,
2587 1583 2729 1641 atque

1717 1655 1775 1708 id
1799 1653 1868 1708 de
1895 1654 2088 1708 vicinis
2115 1653 2278 1724 Cepis
2305 1652 2542 1706 affirmat
2566 1663 2731 1704 auctor

1717 1734 1916 1805 Peripli
1942 1733 2100 1787 Ponti
2131 1731 2361 1798 Euxini,
2385 1751 2443 1804 p.
2474 1731 2507 1784 3
2530 1750 2545 1784 t
2573 1734 2730 1788 tiens

1720 1814 2065 1867 ἀποικισθιῖσα
2084 1813 2179 1866 ὑπὸ
2199 1813 2476 1868 Μιλησίων.
2491 1811 2732 1864 Eun.—

1725 1893 1968 1946 Fortasse
1993 1889 2160 1944 hodie
2187 1891 2362 1962 Keps’l.
2408 1893 2518 1944 En.

1805 1990 1857 2042 7.
1885 1969 2169 2024 Stmtoelia.
2190 1971 2546 2042 Στρατόιιλεια.
2565 1968 2631 2020 Η.

1807 2051 1864 2105 8.
1887 2051 2225 2120 Phanagoria.
2239 2051 2528 2122 Φαναγόρια.
2543 2044 2731 2100 Strabo-

1724 2131 1784 2184 ni
1819 2141 1874 2184 et
1902 2129 2204 2200 Stephano:
2241 2129 2528 2200 Φαναγορὶα.
2549 2121 2731 2179 auctori

1726 2210 1847 2264 Peri
1848 2209 1928 2281 pli
1954 2209 2116 2263 Ponti
2147 2208 2353 2262 Euxini
2366 2223 2528 2280 ,past
2558 2222 2607 2258 1.
2633 2203 2696 2255 Η.

1816 2289 2192 2360 9..-Apaturos
2238 2279 2529 2358 Aveia-oopus
2569 2283 2730 2336 fanum

1730 2367 1862 2430 fuit,
1884 2368 1978 2422 ubi
1997 2368 2186 2422 Venus
2205 2357 2527 2438 Ᾰπάτοιιρος,
2539 2363 2733 2424 δοκεῖ,

1731 2447 1922 2501 Dolosa
1975 2446 2288 2512 colebatur,
2323 2447 2398 2499 ob
2454 2442 2734 2497 interfectos

704 2527 761 2581 3.
791 2526 1015 2578 Eionem.
1044 2523 1229 2581 Chiffl.
1246 2528 1450 2581 Eonem-
1470 2516 1651 2591 Ἠϊόνα,

620 2623 742 2678 qun
771 2623 880 2658 vox
908 2623 1059 2658 oram
1099 2619 1154 2660 et
1180 2607 1331 2661 littus
1369 2618 1541 2661 sonat.
1574 2605 1648 2659 H.

622 2699 680 2740 et
703 2685 810 2738 En.

708 2770 763 2828 4.
806 2765 869 2817 In
895 2763 1053 2820 aditu.
1092 2766 1159 2817 In
1190 2765 1305 2836 ipsa
1333 2763 1647 2836 peninsula,

626 2861 733 2916 qua
758 2844 863 2896 iter
891 2856 973 2896 est
995 2841 1065 2896 ad
1088 2844 1449 2916 Bosphorum.
1480 2843 1650 2904 Mela.

626 2924 721 2976 lib.
752 2925 811 2988 1,
832 2941 951 2992 cap.
982 2939 1087 2992 19:
1114 2949 1135 2972 ι
1152 2923 1392 2995 obliqua
1416 2937 1548 2976 tunc
1573 2940 1655 2975 re-

626 3003 746 3075 gio,
772 3013 827 3054 et
856 3002 913 3054 in
958 3002 1131 3055 latum
1174 3002 1387 3056 modice
1435 3015 1654 3073 patens,

628 3083 769 3135 inter
785 3081 1017 3133 Pontum
1036 3081 1397 3153 paludemque
1416 3081 1656 3145 Maeotin,

632 3158 702 3216 ad
724 3160 1067 3231 Bosphorum
1097 3159 1361 3215 excurrit:
1383 3177 1504 3232 quo
1519 3157 1658 3212 duo·

630 3241 735 3293 bus
759 3239 921 3292 alveis
940 3239 997 3292 in
1013 3240 1189 3292 laeum
1208 3251 1264 3292 et
1285 3241 1343 3293 in
1368 3257 1514 3292 mare
1533 3257 1660 3311 pro·

632 3319 805 3372 fluens
827 3354 846 3383 ,
889 3317 1352 3372 Corocondamam
1402 3319 1660 3389 peninsu-
1687 3355 1692 3358 -

634 3399 743 3452 lam
766 3395 965 3452 reddit.
982 3398 1233 3464 Quatuor
1253 3397 1501 3451 urbesibi
1516 3409 1661 3466 sunt,

634 3479 988 3531 Hermonassa
1010 3513 1027 3542 ‚
1072 3477 1257 3549 Cepoe,
1296 3477 1660 3549 Phanagoria,

634 3569 691 3610 et
716 3557 775 3610 in
804 3556 925 3626 ipso
955 3573 1050 3609 ore
1073 3555 1422 3611 Cimmerion.
1446 3580 1469 3602 ι
1509 3555 1582 3609 Η.

720 3635 773 3692 5.
796 3636 1140 3689 Hermonassa.
1187 3627 1488 3706 Ερμόνασσα
1517 3635 1664 3688 Stra-

633 3715 799 3780 boni,
824 3715 945 3768 loeo
972 3715 1153 3769 citato.
1176 3715 1360 3768 Ηιιιιι.

718 3797 772 3847 6.
824 3793 947 3865 Ceps'
969 3793 1286 3846 Milesiorum.
1312 3797 1515 3858 Κῆποι,
1559 3793 1664 3848 hoc

634 3883 739 3938 est,
772 3871 931 3926 Horti
957 3892 972 3927 :
1002 3874 1070 3926 ab
1095 3873 1401 3926 amoenitate
1424 3873 1530 3926 loci
1557 3892 1658 3925 no-

632 3969 757 4004 meu
780 3951 1035 4006 effictum.
1051 3953 1433 4024 Phanagoriam
1458 3965 1512 4005 et
1525 3953 1660 4004 Her*-

632 4049 929 4084 monassatn
948 4065 964 4090 v
984 4033 1231 4086 *colonias
1270 4051 1383 4085 esse
1427 4034 1655 4098 Ionum,

632 4127 727 4164 seu
756 4109 1089 4165 Milesiorum
1104 4144 1123 4174 ‚
1144 4123 1333 4167 auctor
1361 4121 1439 4164 est
1453 4109 1662 4183 Diony·

1731 2526 1860 2581 dolo
1899 2526 2157 2598 gigantes.
2195 2525 2394 2579 Strabo
2411 2563 2430 2593 ,
2467 2523 2604 2576 libro
2637 2519 2734 2581 11,

1730 2625 1853 2679 pag.
1911 2604 2060 2674 495,
2113 2617 2167 2658 et
2213 2623 2280 2658 ex
2331 2604 2593 2659 Strabone
2639 2600 2737 2652 ste-

1735 2686 1964 2758 phanus.
1985 2683 2174 2737 Hsnn.

1823 2764 2230 2834 10.U1e1‘moque
2282 2764 2336 2814 ἰιι
2387 2763 2510 2814 ostio
2553 2757 2738 2811 cun-e-

1735 2847 1876 2898 riam.
1903 2842 2152 2914 Κιμμιρὶς
2187 2841 2370 2906 πόλις,
2417 2837 2614 2894 auctori
2649 2835 2740 2888 Pe-

1737 2924 1864 2996 ripli
1894 2961 1912 2990 ‚
1977 2941 2100 2993 pag.
2167 2940 2222 2974 a.
2305 2919 2394 2973 Ad
2456 2920 2554 2973 hos
2609 2915 2742 2970 Cim·

1739 3003 1938 3056 mei-ios
1958 2999 2398 3054 densissimorum
2428 2997 2740 3053 tenebrarum

1739 3083 1881 3135 fama
1911 3080 2180 3152 pertinere
2203 3078 2441 3144 credita,
2474 3095 2586 3150 qua
2611 3072 2741 3128 veuit

1742 3161 1800 3214 in
1829 3160 2093 3232 adagium.
2112 3161 2192 3212 Ea
2215 3157 2286 3211 de
2303 3177 2366 3212 re
2387 3155 2513 3211 vide
2535 3154 2742 3210 Bochai·-

1742 3253 1858 3294 tum
1885 3240 1942 3293 in
1975 3239 2534 3310 Geog.lib.1,parte
2561 3254 2590 3287 s
2609 3248 2739 3304 ,pag-

1747 3320 1896 3384 653,
1935 3329 1987 3372 et
2013 3317 2355 3371 Eustathium
2399 3317 2460 3369 iu
2487 3313 2646 3386 Odys.
2675 3319 2741 3375 Δ,

1745 3415 1886 3452 vers.
1922 3403 2029 3462 14,
2048 3414 2172 3468 pag.
2203 3400 2371 3468 1670.
2391 3395 2571 3448 Hnn.

1835 3499 1856 3530 ι
1873 3474 2605 3532 1.Gerber1·0n.cimmerios
2641 3467 2745 3544 qui·

1746 3555 1872 3609 dem
1903 3555 2188 3610 Cerberios
2211 3553 2400 3608 Crates
2441 3549 2746 3626 appellabat,

1747 3646 1812 3688 ut
1853 3634 2017 3689 docet
2047 3634 2354 3688 Eustathius
2375 3671 2396 3698 ,
2427 3635 2550 3688 loeo
2577 3631 2715 3683 citato
2730 3662 2750 3692 ,

1749 3732 1806 3786 p.
1838 3715 1946 3768 165
1959 3733 1984 3768 ι
2003 3752 2022 3780 ,
2041 3725 2092 3766 et
2109 3713 2410 3785 Hesychius
2431 3731 2446 3767 ε
2465 3708 2750 3782 tapetem..-

1752 3795 1873 3864 φασὶ
1903 3787 1964 3847 δὶ
1994 3795 2106 3854 τοὺς
2135 3793 2442 3864 Κιμιιιρίους
2461 3786 2751 3859 tapetam,

1751 3872 1836 3926 καὶ
1859 3873 1948 3930 τὴν
1923 3873 2108 3926 νπόλιν
2136 3873 2180 3926 οἱ
2203 3873 2288 3941 μὲν
2313 3870 2522 3942 Κιρὸιρῖ
2523 3885 2578 3922 ειν
2597 3869 2750 3920 καλῶ-

1750 3972 1863 4017 σιν,
1883 3948 1998 4005 οἶδὲ
2021 3951 2324 4022 Κιμμερίην.
2351 3953 2536 4005 Hun-

1833 4033 2016 4086 1².1n
2045 4031 2254 4102 Empe
2281 4031 2461 4084 dictas.
2484 4021 2746 4082 ubroIV

1747 4129 1865 4182 cap.
1890 4118 1984 4208 ,²4⁰
2010 4111 2196 4164 Ηιιιιιι.
