2950 5017
1130 457 1439 526 LIBER
1495 459 1628 527 VI.

2297 457 2453 552 699

304 571 561 673 chia⁴⁷‚
612 585 788 656 inter
838 585 975 656 duo
1028 584 1301 658 flumina
1356 589 1586 726 Tigrin
1630 601 1700 658 et
1749 587 2228 658 Tornadotum.
2274 591 2451 660 Item

306 693 627 788 Apamia,
676 693 785 762 cui
838 715 1085 763 nomen
1134 681 1574 764 Antiochus⁴⁸
1625 697 1856 766 matris
1907 719 2044 764 suae
2093 695 2448 790 imposuit,

304 799 524 894 Tigris
564 795 1139 870 circumfunditur.
1178 802 1340 870 Hoec
1377 799 1700 870 dividitur
1737 787 2089 870 Archoo⁴⁹.

418 903 603 974 Infra
614 890 1072 976 estSusiane⁵⁰
1087 956 1108 990 ,
1128 906 1197 974 in
1218 931 1351 999 qua
1373 921 1565 976 vetus
1592 908 1773 1002 regia
1797 910 2144 976 Persarum
2178 891 2408 976 Susa⁵¹
2425 959 2448 993 ,
2482 931 2515 984 7

308 1033 357 1080 3
389 1001 661 1082 Dario⁵²
707 1011 1057 1105 Hystaspis
1088 1010 1231 1082 filio
1270 1011 1582 1083 condita:
1602 1013 1792 1082 abest
1830 1037 1873 1081 3
1906 1012 2206 1084 Seleucia
2232 1012 2448 1106 Baby-

306 1115 491 1186 lonia
522 1139 741 1188 cccct.
766 1115 935 1186 mill.
974 1139 1309 1212 passuum.
1336 1118 1782 1189 'lantumdem
1811 1118 1897 1188 ab
1927 1119 2286 1188 Ecbatanis
2311 1120 2451 1188 Me-

307 1221 555 1292 dorum
591 1246 715 1317 per
748 1237 1047 1292 montem
1084 1209 1603 1294 Charbanum⁵³.

1648 1227 1730 1294 In
1769 1223 2292 1355 septemtrionali
2330 1225 2450 1293 Ti-

308 1328 447 1423 gris
478 1326 671 1401 alveo
708 1329 1030 1425 oppidum
1065 1343 1169 1400 est
1198 1316 1598 1425 Babytace⁵⁴
1600 1315 1910 1400 ‚⁵⁵Abest
1942 1355 1981 1400 a
2007 1332 2190 1401 Susis
2211 1353 2450 1401 cxxxv

308 1432 470 1504 mill.
500 1457 837 1526 passuum.
866 1435 973 1507 Ibi
997 1434 1377 1506 mortalium
1414 1434 1541 1507 soli
1580 1459 1818 1507 aurum
1847 1421 1946 1505 in⁵
1947 1421 2160 1506 ⁶0di0
2187 1452 2451 1508 contra-

307 1539 515 1627 hunt,
552 1539 623 1610 id
655 1540 1033 1629 defodiunt,
1067 1565 1155 1612 ne
1193 1567 1331 1636 quo
1372 1543 1484 1614 cui
1527 1543 1614 1612 sit
1649 1544 1722 1612 in
1763 1567 1910 1614 usu.
1958 1529 2321 1614 Susianis⁵⁷
2366 1541 2453 1610 ad
2487 1554 2524 1610 8

310 1646 637 1716 orientem
664 1671 897 1718 versus
920 1647 1298 1743 junguntur
1327 1633 1550 1718 Oxii⁵⁸
1593 1646 1920 1738 latrones»,
1959 1663 2028 1720 et
2058 1651 2454 1720 Mizaeorum

310 1839 447 1896 Gna.
492 1839 767 1909 Diodoro,
816 1843 961 1898 Bibl.
1002 1843 1097 1900 lib.
1146 1845 1343 1913 xvn,

308 1939 439 1993 pag.
470 1921 599 1992 576.
626 1921 815 1977 Ηιιιιι.

394 2007 490 2071 47.
511 2002 795 2056 Antiodnia.
826 2001 1029 2057 Eadem
1056 2003 1345 2076 Apollonia

308 2079 619 2146 Ptolemoei‚
662 2082 764 2136 loc.
792 2082 883 2136 cit.
918 2095 983 2137 ut
1023 2082 1343 2154 quibusdam
1436 2106 1457 2138 ι

308 2157 555 2213 videtur:
574 2158 721 2214 unde
730 2163 937 2232 regioni
951 2181 1167 2234 quoque
1181 2165 1347 2234 Apol·

308 2238 591 2294 loniatidis
618 2258 817 2295 nomen
842 2254 924 2296 est
944 2241 1197 2296 inditum.
1224 2241 1293 2296 Η.

396 2317 495 2379 48.
518 2319 807 2376 ΑπειοσΙιω.
828 2321 963 2393 Ejus
984 2323 1217 2374 nominis
1236 2321 1346 2392 pri·-

310 2415 469 2464 ιιιιιι,
488 2397 695 2454 Seleuci
730 2399 995 2454 Nicatoris
1030 2401 1193 2472 primi
1224 2415 1347 2472 post

308 2475 680 2532 Alexandrum
709 2479 966 2552 Magnum
986 2481 1152 2552 Syria
1176 2481 1347 2552 regis,

308 2567 373 2612 et
397 2559 625 2628 Apames
651 2558 727 2612 fil.
756 2559 943 2614 Hun.

400 2643 491 2706 69.
516 2637 733 2691 Amhoo.
758 2639 957 2694 Amne.
980 2639 1166 2693 Ηιιιι.

399 2717 489 2773 5ο.
515 2715 738 2771 Susiane.
764 2717 966 2772 Eadem
996 2720 1167 2780 Σουσὶς
1202 2717 1348 2772 Susis

310 2793 463 2849 dieta
492 2796 776 2858 Straboni,
812 2799 907 2852 lib.
944 2799 1083 2866 XV,
1112 2817 1169 2870 p.
1208 2816 1345 2869 7²7·

310 2873 491 2930 Hodie
516 2877 805 2930 Khusa'stan.
830 2878 1014 2932 Hun-

398 2955 489 3010 5ι.
530 2953 917 3024 Sacamum,
951 2975 1113 3030 quam
1156 2957 1346 3011 urbem

310 3034 385 3088 ab
424 3035 723 3090 amoenitate
762 3036 865 3089 soli
910 3037 987 3090 sic
1024 3037 1347 3110 appellatam

310 3113 389 3168 eit
420 3115 709 3169 Athenaeus
740 3115 838 3169 lib.
878 3117 1020 3182 ΧΠ,
1046 3135 1166 3188 pag.
1199 3116 1311 3170 513
1330 3155 1347 3183 ,

310 3194 569 3269 quoniam
602 3201 777 3249 σοῦσον
814 3195 1015 3250 Grmcis
1045 3197 1219 3250 lilium
1248 3214 1347 3266 ap·

310 3273 562 3348 pellatur.
588 3275 731 3340 Alii,
771 3275 920 3347 qnod
957 3276 1014 3329 in
1057 3277 1345 3348 campestri

312 3353 539 3424 planitie
560 3367 613 3408 et
630 3355 925 3427 equitabili,
945 3355 1030 3408 vel
1047 3356 1105 3408 in
1126 3357 1347 3427 regione

310 3432 467 3504 equis
506 3432 682 3488 feroce
725 3434 794 3488 sit
821 3435 1011 3504 'posita
1034 3473 1051 3500 ‚
1088 3435 1348 3507 quoniam

310 3511 441 3582 Syri
488 3531 685 3586 equum
736 3514 937 3568 σουσίοιν
998 3527 1212 3569 vocant.
1258 3515 1349 3569 Sic

310 3591 689 3664 Etymologus.
742 3594 905 3647 Nunc
949 3591 1181 3659 somer,
1233 3594 1347 3648 sive

318 3671 549 3726 chusar.
572 3673 757 3725 ΗΑιιυ.

398 3749 497 3805 62.
540 3751 596 3804 A
644 3751 824 3807 Dareo.
870 3752 996 3804 Post
1042 3751 1347 3826 Cambysen

314 3829 600 3883 Persarum
636 3848 764 3901 rege
782 3867 800 3896 ‚
842 3831 1031 3884 Xerxis
1082 3845 1254 3904 patre.
1299 3833 1346 3884 A

314 3908 557 3962 Tithono
608 3908 914 3964 Memnonis
965 3922 1118 3981 patre
1172 3911 1345 3965 multo

314 4001 444 4041 ante
480 3987 739 4042 adificata
774 4000 963 4043 auctor
1001 4001 1081 4043 est
1118 3989 1311 4044 Strabo
1326 4030 1343 4056 ,

318 4067 417 4125 lib.
440 4067 569 4136 XV,
587 4089 645 4142 p.
672 4070 809 4140 728.
843 4068 1101 4124 conditam
1126 4089 1157 4124 a
1180 4071 1344 4126 Dario

1426 1845 1615 1900 Susam
1645 1865 1815 1919 quum
1847 1845 2057 1900 Plinius
2085 1843 2248 1912 dicit,
2289 1845 2460 1900 muris

1427 1925 1661 1980 cinctam
1689 1926 1956 1997 intelligit.
1986 1925 2175 1979 Hann-

1511 2006 1607 2060 53.
1635 2005 1960 2060 Clam-hanam.
1989 2005 2118 2077 Reg.
2145 2023 2198 2070 1,
2223 2023 2280 2072 a,
2297 2003 2456 2058 colb.

1542 2102 1572 2138 a
1591 2124 1608 2150 ,
1638 2085 1802 2139 Paris.
1853 2084 2093 2140 chifflet.
2137 2083 2457 2138 Carbantum.

1426 2165 1580 2234 Zagri
1631 2165 1830 2218 montis
1884 2164 2127 2235 superius
2173 2164 2457 2217 memorati

1426 2261 1552 2315 pars
1575 2243 1820 2315 quadam
1851 2255 1946 2297 est.
1975 2243 2162 2297 lino.

1513 2323 1607 2388 54.
1637 2322 1908 2392 Babyraee.
1945 2323 2022 2376 Ita
2059 2322 2307 2389 Solinus,
2338 2339 2456 2393 cap.

1430 2421 1560 2468 ιιν,
1596 2421 1719 2475 pag.
1763 2403 1834 2457 85
1859 2441 1876 2468 ,
1905 2413 1959 2455 et
1985 2401 2320 2474 Stephanus:
2359 2407 2462 2456 Ba-

1430 2481 1622 2540 ὅιιτάκη
1644 2520 1661 2547 ,
1700 2483 1841 2544 πόλις
1875 2481 2090 2552 Πιρσικιῖ
2111 2503 2126 2518 ·
2155 2486 2180 2536 ὁ
2221 2482 2425 2544 πολίτης
2443 2520 2464 2547 ‚

1428 2559 1796 2622 Bassurmvcie.
1826 2561 2013 2617 Cbiffl.
2047 2561 2326 2615 Barbitace.
2357 2563 2461 2614 En.

1516 2641 1608 2696 55.
1631 2641 1788 2694 Abest
1805 2661 1836 2693 a
1857 2640 2012 2695 Susis.
2039 2640 2252 2694 Solinus
2271 2640 2462 2695 iisdem

1430 2721 1638 2786 verbis,
1663 2720 1764 2774 loc.
1800 2721 1888 2775 cit.
1912 2719 2074 2792 Apud
2101 2720 2428 2774 Mattianum
2447 2759 2464 2786 ‚

1428 2798 1528 2854 lib.
1566 2800 1681 2864 VI,
1721 2817 1844 2871 pag.
1901 2802 2048 2866 225,
2083 2801 2297 2853 numeri
2337 2811 2466 2854 sunt

1432 2880 1694 2950 corrupti.
1719 2879 1905 2933 Hum-

1517 2959 1702 3013 56.1n
1721 2959 1852 3012 odio.
1875 2960 1959 3013 Ita
1977 2959 2104 3011 libri
2125 2977 2328 3014 omnes.
2345 2959 2466 3014 Hoc

1430 3049 1542 3105 est,
1585 3057 1650 3091 ex
1685 3036 1833 3092 odio.
1871 3038 2041 3093 solini
2082 3039 2462 3110 paraphrasis.

1438 3143 1461 3166 ι
1491 3121 1536 3169 Α
1571 3117 1716 3170 Susis
1749 3118 2022 3190 Babytace
2047 3117 2371 3190 oppidum...
2407 3119 2466 3172 in

1430 3215 1542 3270 quo
1595 3199 1843 3252 mortales
1891 3197 2128 3251 universi
2171 3197 2301 3251 odio
2347 3198 2466 3251 auri

1432 3289 1686 3330 coemunt
1717 3277 1824 3331 hoc
1863 3295 2031 3347 genus
2063 3277 2344 3331 metallum
2362 3316 2380 3343 ,
2411 3287 2468 3330 et

1432 3356 1692 3428 abjiciunt
1711 3357 1768 3410 in
1787 3369 2052 3409 terrarum
2072 3355 2345 3428 profunda
2363 3395 2378 3422 ,
2397 3375 2468 3410 ne

1433 3436 1623 3508 polluti
1637 3454 1738 3489 usu
1750 3438 1799 3506 ej
1807 3437 2030 3499 us,svari
2036 3436 2106 3489 tia
2117 3449 2468 3507 corrumpant

1434 3515 1758 3588 aequitatem.
1785 3541 1808 3562 ι
1839 3515 2022 3568 Eum.

1517 3595 1610 3666 57.
1645 3593 1867 3647 Seniani-r
1907 3595 1979 3646 ad
2007 3597 2253 3650 orientem.
2296 3593 2465 3650 Oram

1430 3673 1630 3728 Persici
1670 3675 1830 3727 maris
1868 3674 2169 3746 legentibus
2189 3713 2207 3738 .,
2248 3674 2427 3746 inquit
2449 3711 2468 3740 ,

1430 3755 1690 3808 orientem
1726 3771 1910 3808 versus
1940 3767 2061 3825 post
2091 3754 2341 3809 Susianos
2374 3772 2468 3808 oc·

1432 3845 1660 3888 currunt
1683 3833 1824 3887 Oxii.
1853 3833 2038 3888 fluo.

1518 3914 1614 3968 58.
1658 3914 1798 3967 oxii.
1839 3912 1956 3967 Hoc
2003 3913 2124 3967 loco
2175 3913 2302 3967 Oxii
2341 3912 2466 3967 libri

1432 4011 1620 4046 omnes
1629 4004 1938 4064 agnoscunt,
1960 4006 2076 4047 tum
2088 4011 2250 4046 manu
2264 3991 2465 4064 scripti,

1432 4085 1548 4128 tum
1588 4073 1832 4145 impressi
1871 4071 2034 4130 etiam
2073 4085 2199 4128 ante
2239 4073 2466 4127 Hermo·
