2950 5017
544 425 697 510 (524

1070 425 1147 492 C.
1204 424 1553 495 PLINII
1607 421 1821 493 NAT.
1877 425 2140 494 HIST.

542 558 629 628 ad
683 560 923 626 Bactra
974 555 1327 650 oppidum,
1370 555 1551 651 quod
1609 555 1949 651 appellant
1997 557 2312 650 Zariaspa
2333 541 2426 642 ²⁸,
2475 578 2690 626 uun.

544 665 979 759 septingenta.
1007 659 1241 731 Inde²⁹
1271 661 1357 732 ad
1384 666 1720 732 Jaxartem
1744 687 2006 732 amnem
2023 711 2042 746 ,
2077 687 2144 730 v.

650 771 908 838 XVIII.
937 757 1141 860 (xv1.)
1167 770 1227 837 A
1249 771 1507 864 Caspiis
1527 766 1544 792 ¹
1584 768 1668 838 ad
1697 770 2020 838 orientem
2057 793 2286 838 versus
2319 769 2510 864 regio
2551 783 2694 855 est,

543 872 1001 971 Apavortene²
1032 875 1241 961 dicta,
1282 890 1351 944 et
1391 876 1460 943 in
1503 899 1582 944 ea
1623 874 1978 944 fertilitatis
2019 873 2280 970 inclytae
2315 874 2508 945 locus
2545 879 2692 944 Da-

539 985 753 1052 reium
768 967 816 1047 ³.
836 983 1005 1050 Mox
1032 995 1260 1078 gentes
1286 969 1602 1077 Tapyri⁴‚
1625 983 1964 1051 Anariacae
1983 966 2042 1072 ⁵,
2069 982 2320 1066 Stant-i,
2353 983 2692 1076 Hyrcani,

625 1156 654 1190 a
665 1140 719 1192 8.
736 1137 1003 1206 Zariaspa.
1022 1135 1233 1202 Strabo,
1242 1136 1365 1190 loco
1381 1137 1566 1203 citato,

543 1213 636 1272 αἴτ’
673 1206 750 1278 sie¹
790 1222 1019 1287 Βώιτραν
1052 1216 1143 1274 τὴν
1186 1217 1325 1270 πόλιν
1344 1251 1363 1281 ,
1406 1219 1441 1275 ἢ
1478 1216 1564 1270 καὶ

544 1297 811 1368 lapido-xta
844 1299 1097 1362 καλεῖται,
1120 1297 1373 1366 τρισχίλιοι
1410 1297 1568 1350 ἱπτα-

544 1379 715 1439 κόσιοι,
733 1376 808 1429 sic
828 1375 969 1429 enim
988 1373 1271 1447 legendum
1288 1393 1353 1428 ex
1368 1375 1566 1430 Plinio.

542 1457 723 1510 Efficit
760 1456 876 1509 hac
905 1473 1113 1508 summa
1145 1454 1256 1508 fere
1285 1471 1568 1510 ccocnxnt

542 1537 675 1590 mill.
702 1553 968 1607 passuum.
1010 1537 1093 1588 De
1125 1533 1385 1607 Zariaspis
1404 1535 1566 1588 etiam

540 1614 725 1688 Steph·
756 1614 942 1668 Ham).

628 1713 723 1763 ²9·
738 1693 861 1747 Inde
879 1692 951 1746 ad
967 1693 1238 1746 ertem.
1258 1692 1480 1759 Strabo,
1500 1711 1568 1746 ex

544 1773 699 1828 MSS.
715 1774 818 1828 loc.
855 1774 947 1826 cit·
978 1767 1071 1826 αἴτ’
1099 1773 1183 1827 ἰπὶ
1204 1775 1289 1826 τὸν
1321 1763 1564 1844 Ῐαξιίρτην

542 1855 767 1924 ποταμὸν
800 1855 874 1923 ἐφ’
914 1853 963 1906 ὃν
1008 1844 1313 1923 Αλέξανδρος
1340 1845 1473 1914 ἧκαν,
1502 1855 1567 1914 ὣς

542 1931 981 2002 πιντακισχιλίους.
1003 1930 1307 1986 stadiorum
1328 1932 1572 2004 quinque

544 2012 734 2078 millia,
760 2011 1004 2065 efficiunt
1037 2029 1217 2066 noxxv
1254 2011 1391 2064 mill.
1426 2029 1567 2083 pass.

621 2092 831 2146 XVIII.
864 2110 913 2145 1.
937 2091 991 2145 A
1016 2091 1228 2162 Caspiis.
1264 2091 1313 2144 Δ
1349 2090 1570 2162 Caspio·

542 2189 665 2224 rum
693 2184 877 2242 gente,
903 2183 957 2224 et
982 2170 1161 2224 littore
1188 2170 1403 2241 Caspio.
1430 2169 1570 2224 soli-

542 2269 644 2304 nus
678 2251 791 2305 hoec
825 2249 1105 2320 descripsit
1144 2269 1174 2304 a
1208 2249 1407 2315 Plinio,
1450 2269 1567 2322 cap.

544 2349 755 2394 vanx,
780 2347 902 2401 pag.
929 2331 1023 2399 75.
1057 2329 1241 2384 Hum.

627 2428 680 2463 a.
705 2412 1031 2480 Apavortene.
1060 2409 1141 2462 Ita
1172 2409 1327 2464 MSS.
1358 2427 1566 2464 omnes.

543 2489 781 2543 Isidorus
800 2489 1139 2543 Characenus
1155 2489 1213 2541 in
1232 2491 1498 2561 Σταθμοῖς,
1510 2507 1567 2560 p.

550 2587 575 2621 1
588 2571 681 2634 88,
704 2560 1087 2640 Ᾰπαυαρκτικὴν
1112 2580 1165 2621 et
1180 2559 1571 2636 Ᾰπαυαρκτικη·

541 2650 626 2706 viis
663 2649 897 2719 appellat
936 2647 1003 2700 ab
1044 2648 1181 2700 urbe
1230 2649 1567 2720 cognomine.

539 2727 780 2781 Justinus
804 2745 932 2781 mox
958 2725 1287 2793 laudandus,
1308 2729 1570 2798 Zapavor-

544 2819 666 2872 tene,
696 2804 837 2881 quod
862 2819 918 2860 et
935 2805 993 2859 in
1022 2806 1325 2878 Dalecamp.
1352 2807 1568 2879 legitur.

544 2887 827 2939 Asterabad
855 2898 910 2940 et
958 2885 1146 2941 Ghitan
1169 2885 1339 2941 hodie
1367 2885 1572 2942 dicitur

542 2965 657 3020 haec
682 2966 851 3037 regio.
874 2966 1057 3019 Hsnn.
1086 2977 1143 3018 et
1176 2963 1283 3020 En.

522 3061 531 3077 ’
626 3045 680 3099 3.
704 3045 1223 3099 Dareium.Ve1-satus
1237 3058 1317 3100 est
1332 3045 1389 3098 in
1407 3044 1568 3116 liuius

540 3125 645 3178 loci
666 3123 981 3178 illustrando
1003 3125 1107 3177 situ
1136 3123 1419 3178 Salmasius
1440 3125 1568 3178 satis

539 3203 845 3257 infeliciter.
871 3203 1157 3264 Dareium,
1204 3216 1265 3257 ut
1307 3222 1373 3257 ex
1406 3204 1568 3259 Plinii

540 3283 717 3337 verbis
737 3298 986 3354 apparet,
1008 3282 1151 3336 ultra
1166 3283 1415 3355 Caspiam
1436 3303 1565 3356 gen·

538 3377 649 3418 tem
689 3362 758 3416 ad
804 3363 928 3416 solis
966 3376 1209 3416 exortum
1251 3365 1415 3417 situm
1459 3377 1560 3428 est,

540 3457 700 3515 atque
716 3441 851 3496 adeo
872 3461 1031 3514 supra
1057 3441 1311 3508 Mediam,
1327 3441 1393 3495 ad
1409 3443 1561 3497 littus

539 3523 797 3593 Hyr-canii
816 3522 995 3586 maris,
1020 3539 1205 3576 versus
1222 3522 1390 3593 ipsam
1414 3522 1561 3596 Hyr-

536 3602 765 3656 caniam.
794 3601 871 3656 At
904 3601 1185 3655 Salmasius
1216 3601 1273 3654 in
1305 3601 1471 3655 Solin.
1500 3621 1559 3674 p.

540 3684 671 3750 982,
700 3680 1142 3752 Mesopotamiam
1179 3701 1245 3734 eo
1280 3681 1554 3745 transfert,

536 3779 709 3832 quum
768 3759 1019 3832 Procopii
1072 3761 1238 3814 Daras
1272 3759 1560 3814 -eumdem

536 3839 801 3892 existimat
846 3840 1025 3893 locum
1072 3857 1183 3892 esse
1218 3857 1341 3893 cum
1394 3839 1561 3894 Plinii

534 3919 750 3972 Dareio.
772 3919 1067 3991 Procopius
1086 3919 1231 3972 enim
1247 3958 1262 3982 ‚
1294 3920 1441 3973 Pers.
1459 3920 1560 3972 lib.

534 3997 591 4060 1,
632 4001 795 4052 Daras
835 3996 1143 4064 ait-distare
1178 3998 1355 4052 Nisibi
1381 3997 1562 4052 stadiis

534 4095 707 4145 xcvu,
730 4096 761 4131 a
786 4079 1063 4134 Persarum
1076 4095 1205 4134 vero
1220 4077 1417 4132 finibus
1436 4093 1560 4133 octo

1655 1151 1706 1191 et
1728 1156 1816 1191 xx.
1862 1137 2142 1208 Euagrius,
2169 1136 2268 1191 lib.
2291 1139 2411 1196 111,
2439 1156 2564 1210 cap.
2585 1139 2688 1210 37,

1654 1215 1866 1270 disertis
1892 1216 2072 1270 verbis
2105 1215 2369 1280 affirmat,
2403 1220 2576 1272 Daras
2603 1219 2696 1272 lo·

1655 1315 1780 1350 cum
1809 1314 1922 1350 ease
1941 1295 2366 1368 Mesopotamia,
2391 1296 2450 1350 in
2481 1297 2696 1352 finibus

1653 1376 1881 1430 Romani
1900 1374 2114 1446 imperii
2127 1375 2288 1429 situm
2297 1415 2316 1441 ,
2332 1388 2388 1430 et
2404 1378 2692 1450 utriusque

1653 1454 1874 1509 ditionis
1885 1455 2292 1524 vetustinum,
2303 1474 2466 1527 quem
2483 1475 2692 1530 exagro

1653 1534 1922 1607 oppidum
1947 1535 2136 1588 fecerit
2161 1536 2492 1602 Anastasius,
2519 1551 2692 1592 etsuo

1653 1615 1874 1668 nomine
1897 1615 2343 1685 Anastasiopolim
2381 1617 2689 1688 appellarit.

1653 1695 1908 1748 Dareium
1929 1711 2057 1746 vero
2100 1694 2264 1747 Plinii
2299 1695 2548 1750 lustinus
2591 1695 2694 1750 de—

1653 1775 1870 1837 scribit,
1889 1773 1986 1826 lib.
2013 1773 2160 1840 XLI,
2181 1793 2299 1845 sap.
2329 1773 2384 1840 5,
2401 1793 2526 1847 pag.
2557 1775 2695 1842 303,

1653 1853 1751 1906 ubi
1795 1851 1865 1907 de
1905 1853 2098 1906 Arsace
2147 1854 2472 1908 Parthorum
2514 1875 2642 1927 nege
2671 1873 2688 1908 :

1663 1958 1688 1982 ι
1719 1933 1956 1998 Urbem,
1981 1931 2180 2003 inquit,
2199 1933 2428 1986 nomine
2453 1935 2688 2001 Daram,

1655 2013 1714 2066 in
1773 2024 1958 2065 monte
2012 2013 2388 2084 Zapaortenon
2442 2013 2632 2067 condit
2669 2035 2686 2066 τ

1655 2095 1810 2164 cujus
1830 2092 1936 2145 loci
1962 2109 2024 2144 ea
2039 2090 2286 2146 conditio
2309 2105 2411 2157 est,
2432 2107 2496 2146 ut
2511 2111 2688 2166 neque

1655 2170 1917 2224 munitius
1965 2171 2258 2243 quidquam
2310 2189 2426 2224 ωε
2445 2211 2466 2237 ,
2507 2191 2688 2246 neque

1653 2251 1912 2306 amoenius
1942 2251 2128 2322 possit.
2166 2252 2250 2304 Ita
2296 2251 2444 2304 enim
2471 2265 2528 2306 et
2551 2271 2686 2324 prn-

1654 2331 1832 2402 ruptis
1867 2330 2094 2402 rupibus
2131 2328 2374 2401 undique
2417 2333 2684 2404 cingitur,

1655 2422 1724 2463 ut
1769 2411 1933 2463 tutela
1972 2410 2078 2464 loci
2110 2410 2275 2463 nullis
2309 2409 2690 2465 defensoribus

1656 2501 1808 2562 egeat
1834 2507 1864 2543 :-
1887 2501 1942 2542 et
1965 2489 2064 2544 soli
2093 2490 2520 2560 circumjacentis
2539 2503 2688 2544 nuta

1653 2571 1870 2622 ubertas
1886 2581 1967 2623 est
1980 2607 1997 2634 ,
2025 2580 2090 2621 ut
2105 2569 2339 2640 propriis
2364 2569 2566 2640 opibus
2593 2589 2687 2623 ex-

1653 2649 1882 2719 pleatur.
1911 2673 1934 2696 ·
1976 2647 2070 2701 Ab
2106 2648 2208 2702 hac
2257 2649 2395 2702 urbe
2424 2651 2688 2703 Dareium

1654 2728 1866 2799 potius,
1905 2745 2069 2799 quam
2111 2727 2372 2781 Darieum
2397 2767 2414 2794 ,
2449 2741 2516 2782 ut
2558 2730 2688 2783 libri

1655 2806 1787 2861 editi
1840 2807 2038 2860 babent
2056 2844 2074 2870 ,
2115 2807 2518 2878 circumjacenti
2555 2827 2689 2882 agro

1651 2905 1850 2940 nomen
1885 2887 2010 2940 fuit.
2035 2887 2108 2940 Et
2136 2905 2262 2940 sane
2295 2889 2564 2941 Dareium
2597 2907 2692 2943 ex·

1653 2965 1843 3020 bibent
1871 2965 2025 3019 MSS.
2069 2967 2200 3038 neg.
2248 2984 2299 3028 ι,
2345 2985 2401 3032 a,
2433 2968 2596 3022 Colis.
2631 2987 2683 3033 ι,

1660 3064 1714 3111 a,
1741 3045 1910 3100 Paris.
1935 3045 2118 3099 chiffl.
2145 3057 2247 3100 etc.
2277 3043 2466 3100 Hanu-

1736 3133 1787 3191 4.
1821 3123 2030 3196 Tapjri.
2047 3127 2306 3195 Ταπὺρους
2325 3139 2382 3179 et
2401 3118 2688 3200 Ᾰνσιριὲιιις

1654 3205 1847 3258 Strabo
1880 3223 2098 3277 quoque
2136 3223 2264 3258 cum
2301 3203 2576 3276 Hyrcanis
2595 3227 2688 3261 co·

1647 3284 1819 3356 pulat,
1844 3284 1940 3337 lib.
1975 3284 2089 3351 xl,
2113 3301 2172 3354 p.
2204 3284 2340 3347 514.
2371 3287 2455 3339 De
2477 3287 2688 3341 Stauris

1649 3362 1792 3435 apud
1813 3376 2030 3417 cateros
2050 3364 2344 3418 silentium.
2363 3365 2448 3418 De
2463 3365 2690 3420 Anaria-

1649 3444 1728 3496 cis
1753 3442 2024 3513 superius,
2049 3461 2165 3514 cap.
2197 3443 2288 3497 1⁵.
2317 3446 2404 3497 De
2421 3446 2686 3518 Tapyris,

1647 3523 1872 3595 Dionys.
1907 3523 1964 3576 in
1992 3521 2196 3593 Pei-ieg.
2219 3540 2361 3577 vers.
2393 3524 2532 3594 733.
2557 3525 2684 3578 ffir-

1647 3603 1814 3656 caniae
1843 3602 2050 3654 vicinos
2081 3601 2210 3655 facit
2248 3602 2516 3672 Polybius
2539 3643 2558 3668 ,
2581 3605 2679 3658 lib.

1647 3682 1722 3742 V,
1751 3701 1808 3753 p.
1835 3681 1968 3744 542.
2012 3681 2120 3733 Alii
2153 3692 2280 3736 sunt
2309 3683 2596 3737 Ptolemaei
2625 3684 2684 3736 in

1646 3761 1922 3833 Margiana
1947 3761 2194 3830 Τὲποροι,
2223 3762 2383 3826 LVI,
2411 3781 2464 3815 c.
2499 3781 2588 3816 ιο.
2611 3763 2680 3815 Η.

1647 3871 1730 3884 -
1757 3843 1805 3892 A
1825 3841 2058 3912 Tapyris
2075 3841 2390 3895 etiamnunc
2409 3861 2684 3895 nonnum·

1648 3937 1810 3992 quam
1832 3919 2130 3974 Tuam-istan
2140 3932 2367 3974 vocatur
2379 3921 2499 3974 base
2515 3921 2684 3992 regio,

1649 4018 1770 4072 quae
1783 3999 1973 4072 sapius
1985 3999 2324 4052 Mamuda-an
2335 3999 2558 4053 dicitur.
2576 4001 2681 4052 En.

1733 4080 1786 4133 5.
1808 4082 2094 4133 Anariacoe.
2127 4080 2246 4133 Dal.
2277 4081 2546 4134 Aneiai.
2575 4078 2682 4132 En.
