2950 5017
648 374 797 463 406
1173 377 1250 446 C.
1307 376 1653 445 PLINII
1707 378 1933 446 NAT.
1990 377 2250 446 HIST.

647 497 824 580 esse⁴
869 509 1065 579 enodi
1112 509 1330 579 nitore
1349 560 1369 593 ,
1422 508 1692 579 frondes
1728 511 2057 605 cupressis
2098 506 2380 592 similes,
2416 523 2769 603 praeterque

646 618 1036 747 gravitatem
1067 615 1311 699 odoriS,
1331 618 1516 685 tenui
1535 640 1647 686 eas
1669 616 1914 685 obduci
1938 615 2282 711 lanugine:
2302 615 2539 710 quibus
2559 614 2772 684 addita

645 709 829 792 arte⁵
834 747 1114 818 ,posse‚
1149 721 1377 816 quales
1412 746 1450 791 e
1485 722 1820 844 bombyce
1852 736 2070 792 vestes
2106 721 2369 792 confici.
2390 707 2751 791 Verticem⁶
2752 776 2772 807 ‚

545 847 608 900 15
645 828 793 898 altis
825 832 1022 908 etiam
1055 843 1277 899 aestate
1316 830 1561 923 operiri
1598 829 1880 898 nivibus.
1926 830 2244 898 Decumis
2284 852 2357 897 se
2395 827 2509 897 eo⁷
2542 852 2772 921 perve-

547 1596 607 1645 16

644 937 815 1004 nisse
845 937 1111 1021 castris,
1142 949 1210 1003 et
1234 933 1411 1003 ultra
1442 935 1528 1003 ad
1557 935 1871 1021 fluvium,
1908 938 2018 1029 qui
2044 921 2216 1005 Ger⁸
2245 948 2631 1019 vocaretur,
2658 958 2774 1028 per

645 1040 1032 1111 solitudines
1052 1043 1225 1136 nigri
1212 1039 1539 1135 pulveris
1564 1041 2010 1110 eminentibus
2040 1041 2380 1110 interdum
2411 1039 2590 1109 velut
2620 1064 2774 1107 exu-

644 1148 759 1216 stis
779 1148 1103 1237 cautibus,
1114 1146 1262 1216 loca
1276 1146 1730 1217 inhabitabilia
1750 1146 2040 1216 fervere⁹
2044 1202 2063 1235 ‚
2079 1171 2488 1241 quamquam
2505 1146 2774 1215 hiberno

645 1268 975 1348 tempore,
1001 1268 1348 1350 expertum
1365 1252 1436 1321 ¹⁰.
1464 1254 1605 1342 Qui
1635 1255 1972 1349 proximos
2002 1253 2380 1322 inhabitent
2406 1251 2603 1322 saltus
2621 1305 2641 1338 ‚
2674 1277 2772 1320 rc·

645 1358 849 1428 fertos
904 1358 1463 1455 elephantorum,
1524 1359 1987 1453 ferarumque,
2038 1374 2105 1429 et
2144 1361 2551 1454 serpentium
2598 1359 2773 1427 omni

644 1489 922 1559 genere,
955 1468 1277 1536 Canarios
1304 1464 1645 1561 appellari.
1675 1466 1946 1560 Quippe
1973 1466 2225 1536 victum
2261 1466 2407 1558 ejus
2433 1461 2773 1534 animalis¹¹

645 1573 1095 1666 promiscuum
1122 1572 1229 1641 his
1268 1597 1442 1660 esse,
1471 1587 1539 1641 et
1566 1570 1898 1641 dividua¹³
1932 1571 2223 1641 ferarum
2260 1570 2546 1641 viscera¹
2552 1555 2658 1640 J
2664 1595 2774 1638 un

646 1691 824 1746 ctam
864 1678 1251 1774 AEthiopum
1310 1694 1620 1774 gentem,
1678 1701 1846 1771 quos
1907 1679 2223 1747 Perorsos
2281 1691 2569 1763 vocant,
2630 1678 2777 1746 satis

647 1798 926 1853 constat.
949 1784 1124 1853 Juba
1174 1783 1512 1854 Ptolemaei
1547 1797 1771 1879 pater,
1813 1784 1928 1878 qui
1954 1786 2211 1878 primus
2244 1786 2510 1878 utrique
2541 1784 2780 1852 Mauri·

649 2028 856 2064 mensas
877 2010 1069 2065 citreas
1091 2011 1205 2064 fleri
1227 2010 1374 2064 idem
1404 2011 1593 2076 docet,
1614 2021 1678 2062 ut
1762 2009 2084 2081 computatis
2170 2007 2527 2063 anfractibus.
2603 2008 2776 2061 Eun.

651 2108 749 2141 suo
782 2089 904 2142 loco
930 2089 1125 2143 dicturi
1154 2110 1337 2145 sumus
1355 2130 1370 2155 ,
1395 2091 1487 2145 lib.
1511 2091 1675 2152 XIII,

651 2187 772 2240 cap.
792 2169 879 2222 23.
906 2169 1092 2224 Hann-

727 2254 777 2311 4.
806 2253 947 2300 Esse.
973 2249 1083 2301 Nec
1105 2248 1160 2301 in
1177 2261 1280 2303 vet.
1304 2248 1477 2302 necin
1493 2246 1677 2302 chiffl.

651 2326 863 2397 legitur.
884 2327 1099 2380 Damno.

726 2410 779 2459 5.
808 2408 991 2474 Quibus
1021 2409 1198 2458 addita
1221 2422 1343 2458 am.
1377 2403 1679 2459 Frondibus

652 2484 854 2539 scilicet
875 2484 1120 2539 obductis
1148 2485 1426 2557 lanugine,
1453 2485 1541 2539 vel
1576 2484 1678 2555 ipsi

651 2564 833 2636 potius
851 2583 953 2636 per
968 2583 1027 2617 se
1052 2564 1296 2636 lanugini
1320 2576 1432 2617 arte
1449 2562 1630 2616 addita
1660 2583 1674 2615 ε

653 2661 760 2713 qua
786 2642 854 2696 de
878 2656 992 2696 arte
1021 2663 1236 2698 rursum
1263 2644 1356 2696 lib.
1374 2645 1486 2707 VI,
1510 2662 1560 2697 c.
1586 2663 1679 2710 so,

655 2734 709 2775 et
736 2722 829 2774 lib.
850 2723 993 2784 ΧΗ,
1026 2741 1146 2793 cap.
1176 2723 1260 2776 23.
1287 2723 1466 2776 Banu.

725 2805 780 2856 6.
813 2808 1068 2857 Veniam.
1106 2806 1177 2856 At
1204 2804 1248 2856 si
1281 2804 1438 2857 altior
1461 2815 1541 2857 est
1564 2806 1679 2875 ejus

655 2893 859 2946 vertex,
887 2900 1051 2953 quam
1078 2881 1225 2935 unde
1241 2882 1387 2936 nives
1413 2895 1466 2936 et
1483 2882 1679 2936 imbres

653 2961 868 3027 cadunt,
891 2961 1165 3033 quomodo
1192 2961 1336 3014 idem
1356 2962 1569 3015 nivibus
1587 2963 1678 3015 ob-

651 3041 785 3093 situs
824 3040 929 3093 dici
970 3040 1180 3113 potest?
1205 3041 1460 3113 Virgilius
1490 3040 1677 3093 bume-

649 3138 740 3172 ros
764 3119 964 3173 idcirco
979 3158 994 3180 ,
1018 3139 1129 3173 non
1167 3122 1443 3187 verticem,
1465 3120 1678 3175 nivibus

650 3199 850 3271 operiri
886 3200 1115 3253 cecinit:
1143 3225 1168 3244 ι-
1187 3200 1289 3254 Nix
1311 3200 1569 3253 humeros
1596 3202 1675 3253 in-

647 3281 768 3332 fusa
795 3280 940 3351 tegit.
959 3305 984 3325 a
1009 3278 1117 3332 Sed
1145 3279 1431 3351 piniferum
1457 3297 1675 3351 quoque

645 3370 810 3431 caput
823 3359 997 3412 ventis
1017 3370 1068 3410 et
1089 3358 1350 3411 imbribus
1366 3358 1566 3429 pulsari
1582 3378 1672 3412 ca·

645 3439 727 3491 nit
741 3477 758 3499 ‚
799 3439 1007 3511 poetica
1027 3436 1283 3491 nimirum
1301 3438 1529 3490 licentia.
1550 3437 1673 3491 Non

644 3519 883 3571 omnium
915 3518 1224 3572 altissimum
1259 3517 1510 3571 verticem
1552 3519 1672 3571 atti·

645 3598 784 3667 gisse
807 3597 1090 3651 Suetonius
1117 3596 1345 3652 videtur.
1370 3597 1558 3650 Hnm.

715 3695 768 3745 7.
791 3680 1019 3729 Decuma}
1042 3696 1096 3728 se
1120 3696 1178 3728 eo
1188 3696 1330 3744 perv.
1350 3679 1539 3727 castris.
1561 3678 1669 3729 De·

641 3756 780 3809 cima
807 3758 1073 3811 locatione
1092 3792 1109 3820 ,
1141 3775 1237 3810 seu
1266 3759 1555 3809 metatione
1580 3774 1667 3808 ca·

638 3847 889 3888 strorum.
935 3835 1073 3888 Hinc
1122 3834 1384 3887 subducto
1426 3833 1634 3887 calculo
1654 3874 1671 3900 ,

638 3914 834 3967 montis
862 3912 1088 3967 altitudo
1114 3914 1386 3985 colligitur
1420 3932 1535 3967 esse
1562 3932 1670 3967 am·
1749 3928 1967 3983 gentem.
1996 3911 2175 3965 Chim.
2217 3914 2453 3970 Visum,
2471 3914 2649 3981 janua
2683 3910 2762 3959 Β·

1836 2091 1889 2142 8.
1951 2093 2049 2156 Qui
2110 2093 2228 2142 Ger.
2272 2087 2422 2142 Istud
2471 2087 2646 2140 amuis
2691 2105 2776 2137 no·

1764 2186 1887 2219 men
1917 2180 2031 2220 tum
2066 2186 2132 2220 ex
2167 2166 2444 2221 codicibus
2471 2166 2624 2220 MSS.
2658 2167 2776 2235 Reg-

1771 2264 1822 2312 1,
1867 2266 1897 2301 s
1915 2287 1931 2313 ,
1962 2260 2014 2300 et
2038 2247 2209 2300 Paris.
2249 2258 2366 2299 tum
2403 2265 2475 2299 ex
2498 2245 2775 2298 Ptolemae

1764 2327 1854 2379 cui
1874 2326 2047 2380 amnis
2077 2319 2184 2396 Γιὶρ
2211 2325 2470 2379 maximus
2497 2336 2577 2376 est
2603 2324 2776 2395 Libyn

1763 2406 2049 2467 interioris,
2073 2405 2433 2458 Garamantas
2457 2404 2661 2457 alluens
2675 2441 2690 2465 ,
2703 2421 2774 2454 re·

1760 2484 2068 2551 stituimus,
2109 2502 2278 2555 quum
2315 2484 2468 2555 prius
2507 2500 2775 2555 perperam

1763 2568 1851 2633 qm·
1877 2569 2030 2634 Niger
2070 2566 2352 2636 legeretur.
2396 2564 2558 2635 Niger
2611 2576 2775 2616 umen

1762 2645 1949 2715 legisse
1986 2645 2042 2697 in
2082 2644 2338 2698 Plinianis
2376 2644 2530 2697 libris
2576 2643 2775 2696 Solinus

1763 2724 1990 2787 videtur,
2003 2729 2097 2796 qui
2117 2723 2343 2777 fluvium
2360 2742 2419 2776 ea
2437 2722 2775 2795 appellatione

1762 2802 2023 2856 donatum
2051 2804 2279 2875 putavit,
2300 2802 2449 2876 quod
2476 2804 2583 2855 atri
2600 2800 2775 2855 coloris

1763 2902 1926 2955 aquas
1958 2885 2198 2936 volveret
2213 2922 2228 2946 ,
2267 2901 2377 2954 quo
2400 2882 2541 2937 nihil
2561 2900 2674 2935 esse
2692 2890 2773 2933 sut

1761 2960 1867 3015 dici
1894 2962 2177 3016 absurdius
2209 2974 2398 3033 potest.
2437 2967 2540 3013 Ger
2576 2973 2672 3014 aut
2694 2962 2776 3010 Gir

1762 3042 2067 3095 etiamnunc
2085 3042 2265 3096 vocari
2287 3041 2512 3094 videtur.
2533 3041 2603 3093 Η.
2625 3040 2771 3092 etEn.

1833 3139 1886 3190 9.
1912 3127 2129 3174 terrere.
2161 3121 2564 3190 Balce-fervore.
2587 3120 2688 3173 En.

1838 3206 2218 3269 ruffinae-eum.
2239 3200 2304 3251 Iu
2326 3198 2457 3252 edit.
2477 3200 2769 3267 Delemnp.

1758 3279 1954 3352 legitur
1979 3293 2213 3347 expet-to,-
2232 3279 2291 3331 in
2308 3290 2418 3332 vet.
2442 3277 2595 3350 apud
2613 3277 2770 3349 ipsum

1760 3373 2010 3427 expertia.
2049 3359 2152 3410 En.

1835 3456 1919 3492 11.
1949 3441 2070 3507 Ejus
2090 3440 2344 3489 animalis.
2360 3435 2567 3507 Nempe
2583 3434 2770 3489 mnino

1758 3520 1959 3584 carnis,
1984 3517 2129 3571 unde
2155 3515 2398 3583 Canarii,
2424 3516 2539 3571 sive
2561 3513 2768 3582 Kanovi-

1754 3616 1833 3671 7⁰⁸
1854 3596 2108 3669 appellati
2125 3605 2267 3647 sunt.
2291 3592 2477 3647 Hun-

1832 3679 2172 3730 12.De'vae'dua.
2192 3674 2313 3726 vet.
2340 3669 2490 3745 apud
2510 3673 2685 3726 Dulce.
2702 3672 2768 3719 ἅ·

1755 3759 1880 3808 visa.
1903 3756 2006 3808 En.

1832 3839 1917 3889 13.
1953 3838 2169 3886 Viscera.
2214 3840 2451 3884 lanceam
2498 3835 2765 3898 Echiopm

560 4034 563 4037 >
635 3992 775 4064 plius
803 3992 1112 4066 quindecim
1141 3994 1444 4049 milliarium
1462 4035 1478 4060 ,
1510 3993 1664 4047 etiam
1757 3996 1969 4061 thiopum
1990 4006 2151 4061 gente.
2178 3990 2282 4044 En.
