2950 5017
628 472 767 566 724
1169 471 1635 540 C.PL1N11
1684 473 1900 542 NAT.
1954 473 2214 542 Hls'r.

622 604 833 673 tribus
874 601 1115 673 cubitis
1140 602 1375 672 Rubro
1403 605 1572 671 mari
1607 617 1995 696 comperto,
2017 625 2217 698 quam
2259 617 2438 672 terra
2474 605 2736 700 AEgypti.

618 710 840 804 Aliqui
878 734 1016 778 non
1070 733 1220 778 eam
1267 709 1560 778 afferunt
1612 733 1914 786 causam,
1963 711 2078 779 sed
2126 735 2211 778 ne
2253 711 2548 780 immisso
2594 713 2742 780 mari

620 831 1163 911 corrumperetur
1190 839 1363 909 aqua
1396 813 1562 898 Nili,
1588 841 1736 945 quae
1772 787 1914 884 sola
1951 829 2150 910 potus
2189 816 2462 911 praebet.
2493 817 2742 886 Nihilo-

617 924 837 992 minus
880 925 1007 993 iter
1038 937 1249 990 totum
1295 919 1638 990 terendo²⁰
1672 921 2128 1015 frequentatur
2155 946 2194 990 a
2223 925 2392 991 mari
2417 925 2742 1018 AEgyptio‚

617 1030 799 1123 quod
832 1043 933 1098 est
955 1027 1234 1122 triplex:
1266 1053 1472 1096 unum
1517 1051 1558 1095 a
1592 1027 1853 1096 Pelusio
1894 1053 2013 1122 per
2056 1051 2323 1114 arenas»,
2358 1031 2428 1097 in
2459 1054 2599 1123 quo
2637 1030 2742 1098 nisi

616 1134 852 1205 calami
894 1133 1093 1202 defixi
1133 1148 1402 1228 regant,
1444 1135 1552 1201 via
1603 1158 1740 1201 non
1795 1136 2160 1228 reperitur,
2204 1133 2548 1204 subinde²‘
2602 1159 2746 1203 aura

544 1261 575 1318 4
615 1242 891 1335 vestigia
934 1240 1293 1334 operiente
1339 1238 1641 1308 Alterum
1684 1265 1846 1310 vero
1881 1237 2206 1308 duobus-‚²²
2243 1239 2402 1309 mill.
2441 1265 2744 1335 passuum

613 1346 789 1416 ultra
843 1347 1109 1418 Casium
1155 1360 1490 1428 montem,
1529 1345 1711 1440 quod
1755 1370 1794 1414 a
1842 1345 2182 1475 sexaginta
2224 1344 2385 1415 mill.
2441 1371 2744 1440 passuum

611 1453 782 1524 redit
826 1455 895 1521 in
931 1451 1335 1520 Pelusiacam
1376 1451 1574 1520 viam.
1615 1437 2001 1520 Accolunt²³⁴²
2046 1451 2299 1521 Arabes
2335 1454 2556 1521 Autei.
2593 1455 2746 1521 Ter-

610 1560 777 1628 tium
839 1583 878 1627 a
921 1556 1227 1627 Gerrho²
1208 1545 1257 1589 ²⁴
1308 1549 1526 1651 (quod
1571 1543 1936 1652 Adipson²⁵
1983 1546 2272 1650 vocant)
2324 1582 2446 1652 per
2491 1558 2746 1627 eosdem

610 1665 865 1734 Arabes
906 1667 1264 1758 ‘sexaginta
1330 1663 1486 1732 mill.
1536 1688 1850 1758 passuum
1914 1664 2229 1758 propius,
2289 1662 2406 1732 sed
2447 1688 2742 1759 asperum

608 1771 990 1855 montibus,
1031 1783 1099 1838 et
1152 1772 1345 1864 inops
1395 1793 1741 1863 aquarum.
1780 1773 1896 1837 Eae
1929 1771 2052 1838 viae
2096 1795 2326 1838 omnes
2365 1755 2744 1839 Arsinoen*

611 1877 899 2006 ducilem,
959 1875 1297 1944 conditam
1378 1877 1626 1944 sororis
1659 1873 1706 1913 ²⁷
1765 1877 2037 1945 nomine
2107 1877 2176 1942 in
2236 1877 2382 1944 sinu
2443 1849 2739 1969 Charan-

610 1969 802 2051 dra²⁸
806 2037 827 2068 ‚
887 2007 927 2050 a
979 1980 1337 2051 Ptolemaeo
1406 1979 1845 2100 Philadelpho
1883 2033 1902 2066 ,
1971 1981 2084 2074 qui
2148 1982 2404 2075 primus
2465 1981 2742 2077 Troglo-

608 2086 939 2182 dyticen²⁹
974 2089 1291 2166 excussit,
1325 2100 1393 2155 et
1428 2111 1693 2155 amnem
1730 2089 1844 2180 qui
1880 2089 2211 2156 Arsinoen
2254 2087 2574 2181 praefluit,
2605 2091 2740 2157 Pto·

539 2219 571 2273 5
607 2168 976 2264 lemaeum³⁰
1012 2191 1387 2288 appellavit.
1426 2195 1591 2261 Mox
1623 2193 1943 2288 oppidum
1972 2217 2256 2287 parvum
2293 2207 2394 2262 est
2429 2195 2739 2280 AEnnum‚

606 2343 666 2395 in
686 2340 955 2413 Hydrogr.
988 2359 1051 2394 ae
1083 2339 1383 2398 mocinius,
1425 2340 1635 2411 Almag.

607 2435 741 2474 tom.
768 2423 796 2472 1
812 2458 829 2484 ‚
870 2439 990 2492 pag.
1028 2423 1137 2487 728
1156 2459 1171 2484 ‚
1214 2421 1310 2489 qui
1338 2439 1483 2473 mare
1507 2420 1636 2474 alte·

606 2520 730 2559 rum
773 2500 875 2554 hac
912 2511 1065 2572 parte
1100 2510 1299 2570 negant
1334 2499 1490 2553 altius
1527 2516 1638 2552 esse

608 2581 776 2635 altero
798 2596 811 2632 :
832 2597 962 2642 nec,
992 2579 1035 2631 si
1063 2579 1201 2632 foret
1226 2578 1431 2643 tribus,
1464 2591 1526 2631 ut
1546 2597 1639 2631 vo-

607 2652 759 2724 lunt.
784 2659 1010 2725 cubitis,
1040 2657 1243 2712 idcirco
1271 2658 1441 2711 ullum
1477 2659 1638 2711 fuisse

606 2737 976 2793 exundationis
995 2737 1312 2808 periculum.
1333 2739 1520 2791 Hnm.

696 2837 783 2873 πο.
811 2817 1049 2870 Ter-endo.
1070 2817 1197 2869 Vet.
1212 2835 1297 2888 ap.
1313 2818 1497 2870 Dalec.
1519 2833 1640 2868 mer·-

608 2902 805 2951 caturi's.
824 2895 1009 2952 Chisfl.
1028 2909 1187 2949 εει-ναι.
1218 2897 1326 2949 En.

693 2997 786 3030 αι.
815 2975 1029 3029 Subinde
1054 2995 1194 3029 aura.
1220 2975 1640 3029 vehementiore

610 3058 757 3110 venti
779 3057 907 3110 flatu
933 3073 1118 3108 arenas
1142 3055 1418 3119 volvente,
1439 3073 1500 3108 ac
1519 3067 1634 3108 tur-

610 3137 770 3189 bante
790 3135 1021 3206 vestigia.
1052 3135 1238 3188 Hutn.

696 3234 724 3268 2
738 3236 787 3270 2.
824 3215 1051 3279 Duobus,
1096 3226 1198 3267 etc.
1232 3213 1411 3267 Dnlec.
1440 3225 1496 3267 et
1519 3179 1636 3267 ΕῙΖ.

608 3295 725 3350 deco.
747 3296 854 3348 En.

578 3378 585 3387 '
692 3374 1047 3428 23.A‹=001um
1068 3373 1442 3426 ArabesAutei.
1455 3372 1635 3438 Viam,

606 3455 823 3526 inquit,
851 3472 971 3525 quae
990 3470 1021 3506 a
1048 3453 1204 3506 Casio
1222 3465 1407 3506 monte
1426 3451 1636 3505 Arabio

606 3533 754 3586 haud
782 3533 973 3604 procul
1000 3531 1213 3585 Pelusio
1262 3527 1367 3594 (de
1403 3549 1512 3602 qno
1536 3530 1633 3583 lib.

608 3614 723 3676 vl,
750 3632 866 3684 cap.
900 3603 1043 3679 υ),
1072 3610 1141 3664 ad
1164 3630 1313 3664 oram
1334 3610 1632 3680 proximam

609 3691 759 3747 ducit
810 3691 1021 3745 Arabici
1064 3691 1243 3756 sinus,
1292 3688 1539 3743 obsident
1565 3691 1636 3742 ab

610 3785 841 3844 utroque
864 3771 1027 3824 latere
1046 3770 1251 3823 Arabes
1276 3768 1459 3822 Antei.
1483 3769 1556 3822 H.

693 3857 789 3914 ²4·
818 3850 875 3904 A
900 3849 1107 3904 Gerrho.
1146 3847 1333 3903 Chiffl.
1371 3849 1635 3902 Accu-cho.

608 3931 787 3983 Dalee.
814 3943 869 3982 et
894 3929 1011 3983 Elz.
1034 3949 1067 3980 a
1100 3927 1275 3983 Germ.
1290 3928 1393 3981 En.
1417 3959 1498 3971 —
1519 3929 1636 3998 Op-

608 4009 797 4079 pidum
828 4007 885 4062 id
914 4023 995 4063 est
1024 4009 1167 4062 inter
1198 4007 1464 4061 Pelusium
1481 4048 1497 4071 ,
1533 4007 1636 4060 Ca·

602 4090 858 4161 uiamque
894 4085 1152 4143 montem.
1199 4089 1369 4159 Γὲῥρον
1418 4105 1636 4160 quoque

1723 2339 2046 2405 Ptolemae,
2067 2339 2166 2392 lib.
2199 2341 2308 2406 IV,
2348 2359 2469 2424 cap.
2499 2342 2555 2394 5.
2575 2340 2740 2395 Hm.

1809 2421 1901 2474 25.
1927 2420 2154 2488 Adipson
2195 2433 2394 2474 vocant.
2417 2407 2603 2490 Δδιψον
2623 2419 2740 2476 dici·

1724 2512 1844 2564 tur,
1884 2498 2033 2570 qnod
2058 2499 2202 2552 sitim
2238 2500 2544 2572 exstinguit.
2569 2502 2739 2573 Itaque

1725 2597 1824 2649 per
1859 2579 2140 2632 contraria
2185 2579 2475 2633 locutionis
2528 2580 2738 2650 figuram

1727 2654 2046 2726 (ἀντίφρασιν
2071 2658 2246 2710 Greci
2271 2651 2501 2726 vocant)
2529 2657 2740 2714 husitid

1726 2736 1856 2790 huic
1885 2736 2008 2790 loco
2038 2755 2270 2802 nomen,
2321 2739 2416 2809 qui
2455 2739 2618 2810 plane
2652 2752 2739 2804 ent,

1724 2829 1788 2868 ut
1843 2817 2021 2869 statim
2077 2817 2416 2889 subjungitur
2435 2857 2453 2883 ,
2497 2837 2740 2890 aquarum

1725 2895 1900 2966 inops.
1923 2897 1990 2948 In
2009 2895 2162 2949 MSS.
2178 2896 2519 2966 agipsonned
2541 2899 2736 2951 vitiose.

1726 2976 1994 3027 Hume-
2019 2974 2260 3030 chifflet.
2289 2979 2572 3047 Agrip-sium.
2593 2978 2690 3030 En.

1807 3058 1898 3108 26.
1928 3057 2189 3108 Arsinoen.
2205 3047 2410 3124 Ᾰρσινόη
2435 3057 2736 3121 Ptolemae,

1723 3133 1830 3186 loc.
1854 3135 1945 3187 cit.
1969 3133 2038 3187 ad
2059 3135 2232 3187 sinum
2254 3135 2732 3206 Heroopoliticum:

1723 3213 1888 3265 leucis
1937 3213 2048 3266 fere
2082 3233 2164 3266 xn
2216 3215 2284 3267 ab
2321 3215 2516 3269 intimo
2549 3233 2736 3271 meeum

1725 3293 1870 3345 sinus
1919 3293 2135 3346 Arabici
2159 3331 2176 3355 ‚
2229 3311 2414 3348 versus
2463 3308 2692 3349 austrum
2719 3333 2734 3358 ‚

1724 3371 1915 3425 Africa
1937 3373 2119 3426 latere.
2143 3373 2332 3426 Han».

1805 3469 1897 3520 ²7·
1929 3450 2122 3504 Some-ts
2143 3456 2346 3508 nomine.
2379 3453 2554 3519 Quam
2590 3453 2736 3507 etiam

1720 3529 1878 3583 duxit
1901 3549 2138 3584 uxorem.
2181 3533 2363 3586 HAno.

1809 3613 1901 3664 28.
1937 3610 2244 3664 Char-andra.
2279 3611 2518 3665 chifflet.
2555 3612 2736 3666 caun-

1721 3689 1833 3742 ἄνα.
1861 3689 1966 3744 En.

1808 3787 1896 3838 29.
1944 3769 2322 3840 nglodytioen
2364 3773 2588 3824 excussit.
2625 3769 2734 3822 Hoc

1723 3861 1804 3902 est
1817 3889 1833 3916 ,
1853 3849 2198 3921 perlustravit
2220 3852 2421 3920 majore
2443 3848 2704 3921 diligentia
2717 3884 2735 3912 ,

1723 3947 1886 4001 quam
1903 3930 2130 4001 priores.
2149 3929 2332 3982 Han.

1807 4007 1900 4061 30.
1939 4010 2254 4060 Ptolemaeum
2282 4009 2556 4080 appellavit.
2607 4006 2732 4058 Dio-

1722 4086 1920 4150 dorus,
1950 4089 2092 4143 Bibl.
2123 4089 2296 4153 libel,
2323 4107 2444 4160 pag.
2471 4087 2558 4140 30.
2587 4085 2650 4138 H.
