2950 5017
580 462 679 536 70

1109 442 1183 508 C.
1241 441 1585 543 PLUINII
1643 440 1865 509 NAT.
1923 443 2182 511 HIST.

576 572 814 643 urbem
859 574 1143 639 Romam
1166 624 1187 659 ‚
1229 572 1315 641 ab
1366 572 1538 640 ostio
1557 556 1606 609 ³⁷
1651 572 1878 640 Aterni
1927 573 2140 653 amnis
2193 572 2262 639 in
2306 570 2728 641 Adriaticum

576 702 763 749 mare
800 664 1132 751 influentis
1153 728 1173 763 ,
1213 676 1300 747 ad
1332 678 1641 747 Tiberina
1681 679 1880 765 ostia,
1921 701 2189 748 cxxxv1
2236 692 2304 746 et
2343 677 2547 773 paulo
2595 680 2732 747 mi-

586 810 714 855 nus
760 807 801 852 a
852 786 1092 855 Castro
1145 809 1321 854 novo
1372 784 1688 857 Adriatici
1741 785 1940 854 maris
1988 783 2241 854 Alsium
2295 784 2383 853 ad
2431 787 2730 854 Tuscum

584 916 851 985 aequor,
894 889 1076 960 haud
1093 875 1145 915 ³⁸
1199 889 1336 960 ullo
1380 890 1534 959 inde
1581 889 1729 961 loco
1787 914 1914 961 ccc
1965 893 2033 960 in
2076 890 2490 961 latitudinem
2535 915 2733 961 exce-

586 997 773 1067 dens.
825 998 1173 1069 Universae
1228 1011 1449 1067 autem
1503 997 1790 1068 ambitus
1843 1022 1888 1067 a
1935 999 2121 1067 Varo
2171 997 2259 1067 ad
2297 1000 2564 1068 Arsiam
2611 994 2734 1069 fi}

588 1087 817 1197 pass.³⁹
861 1127 1070 1175 Lvmt
1108 1103 1334 1174 efficit.

594 1312 751 1365 media
786 1323 943 1366 autem
955 1314 1139 1380 firme,
1172 1309 1484 1384 utamediam
1510 1312 1623 1366 lati·

597 1390 837 1445 tudinem
884 1391 1173 1463 intelligas,
1226 1410 1340 1445 non
1388 1390 1622 1445 mediam

597 1472 826 1525 ltaliam.
842 1471 1027 1525 Chiffl.
1059 1471 1264 1525 mediam
1286 1483 1441 1524 autem
1452 1472 1622 1539 ferme.

602 1553 809 1607 Danao.

685 1632 779 1703 37.
804 1632 889 1685 Ab
905 1633 1029 1683 ostio
1046 1630 1243 1685 Aterni.
1264 1632 1427 1685 Hunc
1446 1631 1628 1685 locum

602 1710 766 1765 Plinii
790 1710 1196 1765 accuratissimis
1228 1711 1628 1765 recentissimis·

606 1809 713 1863 que
762 1790 1216 1845 observationibus
1261 1791 1453 1844 eximie
1499 1809 1630 1844 con·

606 1889 799 1943 gruere
816 1908 835 1937 ,
866 1882 921 1923 et
947 1889 1125 1924 errare
1162 1870 1508 1941 Geographos
1545 1888 1631 1923 re-

610 1962 815 2009 centes.
844 1950 940 2023 qui
966 1966 1265 2003 mensuram
1292 1950 1461 2005 Italia
1487 1966 1636 2003 secus

611 2028 909 2095 definiunt,
956 2028 1115 2082 docet
1162 2026 1231 2081 D.
1278 2030 1518 2085 Dausu
1533 2068 1550 2094 ,
1577 2029 1634 2081 in

612 2108 1017 2165 Commentariis
1088 2106 1389 2163 Academia
1458 2107 1637 2180 Regin

613 2187 993 2253 scientiarum,
1017 2188 1143 2241 anni
1169 2194 1346 2259 1714,
1366 2207 1485 2261 pag.
1511 2192 1636 2243 181.

614 2268 851 2323 H.—Ex
871 2268 1249 2340 probatissimis
1276 2280 1453 2323 tamen
1475 2268 1642 2322 Italia

616 2347 826 2419 mappis
850 2359 1099 2420 apparet,
1116 2366 1252 2413 non,
1272 2360 1333 2401 ut
1350 2348 1425 2401 ait
1447 2348 1642 2401 Noster

620 2445 817 2481 cxxxvi
830 2464 847 2489 ,
878 2425 972 2480 sed
998 2427 1091 2480 vix
1114 2446 1256 2481 cxxv
1276 2446 1341 2481 ιι.
1368 2446 1506 2497 pass.
1532 2445 1645 2480 esse

617 2506 786 2559 Italia!
837 2504 1175 2560 latitudinem
1226 2506 1646 2563 inter-Tiberina

618 2586 750 2639 ostia
767 2597 821 2639 et
838 2586 1035 2640 ostium
1060 2585 1245 2639 Aterni
1266 2586 1453 2654 amnis,
1474 2584 1640 2641 hodie

620 2666 853 2718 Pescen-a.
880 2667 985 2721 En.

706 2744 799 2799 38.
854 2746 1014 2798 Haud
1052 2744 1155 2797 ullo
1211 2746 1323 2797 inde
1385 2746 1490 2797 loeo
1535 2764 1644 2799 ccc.

620 2824 845 2897 Reliqua
859 2863 877 2891 ,
898 2825 1071 2897 inquit
1085 2863 1102 2890 ,
1126 2825 1279 2879 Italia
1297 2825 1365 2879 ab
1389 2825 1535 2879 Alsio
1553 2825 1650 2877 Ti,-

621 2904 924 2977 berinisque
938 2904 1087 2959 ostiis
1100 2903 1169 2957 ad
1189 2904 1451 2977 Rhegium
1464 2922 1649 2975 usqne,

620 3001 886 3055 nusquam
926 2982 1133 3039 excedit
1164 3003 1267 3039 ccc
1306 2984 1473 3037 millia
1513 3000 1648 3056 pass.

622 3064 769 3115 —In
796 3062 951 3141 MSS.
984 3065 1113 3134 neg.
1146 3064 1300 3118 Colb.
1334 3063 1520 3127 Paris„
1547 3076 1650 3119 etc.

625 3142 760 3196 haud
793 3144 894 3195 ullo
916 3146 969 3195 in
996 3144 1117 3195 loco.
1157 3144 1333 3196 Parm-
1358 3143 1490 3197 edit.
1521 3143 1658 3195 haud

622 3222 803 3285 Αἰαίη
830 3224 936 3275 loco
968 3241 1050 3277 cc.
1087 3222 1200 3276 Nos
1236 3224 1370 3275 haud
1406 3224 1506 3276 ullo
1543 3223 1654 3275 inde

628 3303 761 3366 loco,
792 3320 859 3355 ex
890 3303 1193 3374 conjectura
1206 3340 1223 3367 ,
1262 3314 1317 3354 et
1352 3302 1618 3356 Martiano
1635 3340 1652 3367 ,

624 3381 722 3436 lib.
752 3382 867 3447 VI,
895 3400 1010 3454 cap.
1056 3380 1125 3435 de
1164 3381 1347 3447 Italia,
1370 3400 1492 3453 pag.
1531 3380 1654 3439 205..

628 3478 748 3515 ccc.
758 3461 1150 3533 rescripsimus:
1165 3463 1437 3533 Nusquam,
1458 3462 1652 3533 inquit,

631 3552 841 3593 trecenta
890 3542 1101 3595 latitudo
1144 3544 1247 3612 ejus
1290 3542 1494 3595 excedit.
1545 3540 1654 3595 Sed

628 3619 787 3673 Plinii
806 3634 1034 3675 mentem
1052 3620 1195 3675 idem
1206 3622 1498 3676 Martianus
1508 3620 1656 3675 baud

628 3713 893 3753 assecutus
920 3718 1045 3753 sane
1068 3699 1302 3771 yidetur,
1334 3720 1452 3774 quae
1476 3715 1654 3755 nostra
1681 3746 1688 3751 .

630 3778 1083 3849 interpretatione,
1099 3780 1340 3846 feliciter,
1358 3793 1419 3834 ut
1438 3779 1657 3853 quidem

633 3857 937 3928 opinamur,
966 3859 1219 3914 illustrata
1244 3874 1336 3913 est.
1361 3860 1506 3914 H.-
1516 3861 1659 3914 Bene

634 3934 785 3990 MSS.
813 3938 941 4009 Reg.
976 3958 1026 4005 a,
1061 3938 1117 4003 5,
1141 3952 1195 3992 et
1220 3938 1385 3993 editio
1412 3941 1660 4013 princeps

636 4035 723 4070 cc.
755 4016 1040 4088 Pei-peram
1072 4017 1310 4073 eruditus
1350 4018 1660 4073 Harduinus

636 4116 667 4149 e
689 4095 837 4149 MSS.
853 4110 905 4151 et
916 4098 1178 4152 Martiano
1196 4098 1518 4165 emendavit,
1538 4119 1658 4153 ccc.

1707 1313 1854 1366 Patet
1901 1312 2044 1367 enim
2095 1312 2267 1366 cuivis
2309 1312 2522 1366 Italiam
2565 1311 2738 1383 inspi-

1707 1393 1869 1446 cienti
1889 1392 1958 1445 ab
1981 1392 2127 1445 Alsio
2144 1432 2162 1460 ,
2177 1411 2345 1463 usque
2363 1391 2431 1445 ad
2450 1392 2740 1463 Rhegium.

1708 1473 1926 1543 Reggio,
1953 1490 2071 1525 eam
2100 1490 2168 1525 cc
2199 1472 2366 1524 millia
2397 1490 2652 1543 passuum
2685 1470 2742 1522 in

1709 1550 2047 1606 latitudinem
2093 1569 2207 1604 non
2251 1551 2522 1605 excedere.
2573 1552 2744 1603 Bnooe.

1711 1632 1880 1685 —Sic
1905 1628 2124 1703 quidem
2143 1630 2248 1695 isti,
2267 1644 2320 1684 et
2335 1630 2584 1704 quamvis
2597 1627 2748 1683 haud

1711 1709 1940 1765 absurda
1959 1710 2201 1764 videatur
2217 1711 2444 1765 Broterii
2467 1710 2751 1775 sententia,

1713 1792 1848 1843 nihil
1873 1804 2048 1843 tamen
2069 1790 2130 1843 in
2152 1789 2434 1843 Harduiuo
2456 1790 2750 1844 immutan-

1715 1869 1844 1924 dum
1863 1870 2042 1942 putavi
2060 1908 2075 1935 ,
2097 1888 2264 1942 quum
2277 1869 2416 1923 inter
2427 1881 2750 1941 promonto-

1715 1950 1862 2004 rium
1913 1950 2243 2021 Leucopetra
2291 1962 2348 2003 et
2397 1947 2750 2002 Brundisium

1719 2049 1824 2083 oct.
1847 2028 2054 2083 circiter
2073 2029 2239 2082 millia
2257 2046 2394 2099 pass.
2411 2030 2482 2083 sit
2497 2029 2752 2083 interval·

1719 2111 1852 2163 lum.
1879 2108 1981 2161 En.

1805 2194 1893 2258 39.
1913 2198 2069 2242 XXX
2089 2208 2223 2259 pass.
2259 2187 2490 2241 LVIIII.
2511 2186 2633 2241 Hoc
2655 2201 2758 2255 est,

1723 2268 1904 2323 tricies
1923 2279 2162 2335 centena,
2177 2280 2228 2322 et
2251 2268 2634 2339 qninquaginta
2659 2286 2758 2320 no-

1725 2367 1846 2402 vem
1861 2347 2026 2400 millia
2047 2366 2312 2419 passuum.
2340 2348 2430 2400 Sic
2461 2346 2614 2400 MSS.
2641 2366 2756 2399 om-

1725 2446 1837 2481 nes.
1869 2428 1932 2479 In
1957 2427 2171 2492 Solino,
2197 2444 2314 2498 cap.
2343 2428 2418 2493 11,
2437 2446 2556 2498 pag.
2588 2432 2684 2491 14,
2702 2442 2760 2481 et

1728 2507 1972 2579 Capella,
2007 2508 2101 2559 lib.
2132 2508 2248 2572 VI,
2291 2524 2408 2577 cap.
2453 2505 2524 2559 de
2561 2506 2722 2560 Italia
2743 2548 2764 2574 ,

1729 2606 1850 2661 pag.
1880 2588 1990 2640 205
2006 2624 2023 2651 ,
2041 2586 2180 2639 male
2199 2604 2342 2638 nunc
2365 2586 2456 2639 hic
2473 2583 2614 2639 idem
2641 2586 2766 2639 uni-

1731 2685 1895 2721 versa!
1924 2666 2086 2719 Italian
2110 2665 2344 2720 ambitus
2367 2666 2570 2737 colligit
2593 2666 2766 2720 vicies

1731 2760 1950 2801 centena
1991 2758 2045 2798 et
2083 2764 2212 2799 χιιι
2266 2745 2434 2799 millia
2471 2764 2607 2819 pass.
2649 2746 2764 2801 hoc

1733 2840 1830 2890 est,
1847 2821 1916 2880 i}
1937 2843 2138 2879 xavnn
2151 2864 2167 2889 ‚
2179 2834 2346 2896 quum
2359 2826 2678 2896 utrobique,
2693 2840 2766 2879 ut

1734 2906 1790 2959 in
1853 2906 2032 2959 Plinio
2049 2944 2065 2969 ,
2111 2904 2452 2959 scribendum
2499 2907 2596 2971 sit,
2647 2899 2768 2963 ι’ἷΞ

1735 3003 1903 3043 num
1916 2983 2076 3037 nullis
2099 2983 2294 3038 additis
2309 2984 2620 3040 detractisve
2637 3006 2651 3042 ε
2667 2988 2767 3041 sed

1735 3064 1890 3119 tertia
1923 3076 2128 3117 tantum
2173 3063 2379 3118 denarii
2411 3077 2562 3131 nota,
2597 3084 2769 3137 quam

1735 3162 1900 3215 prava
1943 3143 2148 3197 librarii
2193 3143 2473 3198 distinctio
2519 3149 2768 3218 sequenti

1737 3240 1960 3277 summo
1985 3224 2206 3289 tribuit,
2247 3222 2460 3278 reddita
2491 3227 2770 3281 restituta·

1739 3310 1844 3373 que
1870 3304 2055 3375 priori.
2087 3304 2449 3369 Quamobrem
2490 3304 2773 3360 immerito

1739 3382 2021 3435 Salmasius
2035 3384 2092 3435 in
2117 3382 2284 3436 Solin.
2313 3402 2432 3455 pag.
2463 3382 2558 3447 83,
2581 3404 2649 3438 ex
2675 3406 2772 3439 eo·

1738 3460 1862 3515 dem
1891 3462 2076 3516 Solino
2117 3463 2490 3535 Martianoque
2529 3464 2772 3519 Plinium

1739 3539 2130 3596 emendandum
2169 3544 2508 3613 pronuntiat,
2533 3561 2710 3615 quum
2741 3564 2776 3599 e

1740 3622 2007 3675 contrario
2028 3616 2070 3676 'ii
2093 3623 2196 3676 sint
2221 3641 2287 3676 ex
2307 3636 2521 3677 auctore
2541 3642 2640 3678 suo
2663 3626 2776 3679 Pli-

1741 3701 1840 3753 nio
1865 3700 2181 3773 refingendi.
2211 3704 2346 3756 Nam
2371 3704 2413 3756 si
2437 3700 2615 3757 decies
2639 3724 2774 3758 cen-

1745 3793 1872 3834 tena
1909 3794 1962 3834 et
2005 3801 2078 3837 xx
2117 3782 2280 3836 millia
2332 3801 2582 3853 passuum
2625 3784 2778 3856 apud

1745 3858 1958 3914 eosdem
2001 3861 2207 3931 colligit
2249 3862 2528 3933 longitudo
2574 3866 2780 3931 Italic,

1745 3939 1891 3995 haud
1915 3959 2038 3995 sane
2061 3943 2310 4011 pauciora
2333 3943 2512 3996 tricies
2535 3946 2782 3997 centenis

1747 4038 1998 4092 passuum
2031 4022 2267 4075 millibus
2297 4036 2478 4093 patere
2507 4026 2624 4097 ejus
2661 4044 2777 4077 am-

1749 4100 1920 4153 bitum
1943 4107 2026 4153 res
2051 4102 2162 4172 ipsa
2184 4102 2463 4173 pervincit.
2503 4103 2780 4177 Superpo-
