2950 5017
651 462 679 509 1
697 440 800 525 [tlt

635 567 901 640 Sontini
914 618 936 653 ,
1010 564 1209 634 Sirini

638 674 881 811 quibus
916 670 1349 741 Numestrani

1219 550 1270 596 4³

1362 656 1412 702 45

1175 436 1254 505 C.
1312 434 1666 505 PLINII
1719 436 1936 506 NAT.
1993 435 2252 503 HIST.

1286 618 1308 651 ,
1376 566 1759 695 Tergilani‚
1818 565 2208 651 Ursentini,
2277 561 2672 635 volcentani
2695 552 2770 655 44,

1444 675 1840 768 junguntur.
1879 674 2208 742 Praeterea
2251 670 2574 741 interiisse
2616 673 2773 741 The-

640 766 827 850 bas⁴⁶
870 781 1177 848 Lucanas
1212 764 1441 847 Cato⁴⁷
1481 794 1716 848 auctor
1757 792 1875 847 est.
1927 781 2017 847 Et
2070 763 2527 847 Pandosiam⁴⁸
2564 781 2771 847 Luca-

641 911 887 957 norum
922 883 1159 953 urbem
1210 884 1412 953 fuisse
1458 886 1938 979 Theopompus
1955 938 1977 973 ‚
2038 884 2110 952 in
2165 908 2297 978 qua
2347 872 2773 954 Alexander*

640 993 949 1088 Epirotes
982 989 1390 1059 occubuerit.

713 1128 802 1191 43.
826 1128 993 1179 Sirini.
1016 1126 1101 1178 Ab
1120 1124 1327 1197 oppido
1348 1123 1455 1178 Siri
1471 1162 1488 1189 ,
1515 1126 1669 1197 eujus

636 1208 831 1262 navale
866 1204 1108 1259 Heraclia
1154 1204 1285 1258 Siris
1330 1223 1491 1277 supra
1525 1204 1670 1258 dicta

642 1287 817 1339 fuerit.
841 1287 1035 1337 Sontini
1056 1284 1193 1338 forte
1210 1302 1241 1335 a
1268 1283 1482 1350 Sontia,
1507 1284 1669 1355 vulgo

640 1370 810 1417 Sama
826 1402 843 1430 ,
870 1364 1010 1417 inter
1033 1366 1302 1415 policasero
1340 1376 1393 1416 et
1436 1362 1670 1415 Silarum

638 1444 695 1499 fl.
732 1444 977 1516 Denique
1022 1442 1293 1514 Tergilani
1334 1442 1591 1495 videntur
1630 1442 1670 1495 ii

639 1542 771 1591 esse,
792 1541 1023 1596 quorum
1052 1521 1366 1593 profectur·
1390 1522 1670 1592 Tegenen-

636 1602 713 1655 εἰει
758 1605 779 1671 (
804 1602 941 1655 forte
959 1619 1061 1672 pro
1084 1601 1380 1669 Tergilense's
1396 1604 1440 1667 )‚
1471 1597 1672 1653 dicitur

640 1700 675 1734 ι
698 1681 975 1744 Frontino,
998 1680 1058 1733 in
1080 1679 1322 1732 Lucania
1345 1677 1415 1730 ad
1442 1678 1672 1732 Casven·

639 1774 755 1815 tum
794 1760 1032 1825 flumen,
1072 1758 1164 1810 lib.
1202 1756 1273 1810 de
1307 1757 1504 1811 Colon.
1545 1776 1668 1829 pag.

637 1857 729 1908 90.
768 1838 1043 1893 Ursentini
1078 1836 1301 1890 omnino
1336 1835 1670 1908 ignorantur.

625 1918 826 1970 Ham.
854 1928 906 1970 et
924 1916 1032 1968 En.

710 2001 795 2058 44.
851 1995 1169 2045 Volceneani.
1216 1994 1364 2045 Inter
1416 1991 1670 2045 mediter-

636 2092 798 2126 ranea
822 2072 1069 2125 Lucania
1088 2070 1287 2143 oppida
1306 2070 1455 2123 fuere
1474 2071 1670 2140 Vulci,

636 2156 835 2217 Οὔλκοι,
856 2150 1079 2204 Ptolem.
1109 2150 1207 2202 lib.
1236 2150 1325 2202 111
1342 2188 1357 2212 ‚
1374 2169 1420 2203 c.
1451 2149 1574 2217 1,ad
1591 2150 1670 2202 Si-

634 2232 805 2285 larum
836 2244 1049 2282 amnem
1078 2247 1259 2281 :nunc
1274 2233 1480 2280 Balcino
1506 2242 1556 2282 et
1575 2236 1670 2281 Bu-

634 2314 766 2363 cino.
810 2309 949 2361 Hinc
976 2306 1331 2374 volcentani,
1380 2308 1473 2379 qui
1519 2308 1670 2379 apud

634 2389 848 2442 Gruter.
866 2406 923 2459 p.
948 2404 1071 2455 209,
1090 2390 1366 2450 Valesiani,
1392 2399 1447 2439 et
1466 2406 1522 2461 p.
1543 2388 1666 2454 393,

640 2468 904 2520 Valesiani
954 2463 1223 2519 dicuntur.
1286 2465 1470 2519 Livius
1489 2505 1505 2529 ,
1569 2466 1662 2519 lib.

634 2545 887 2611 xxvn,
906 2563 1028 2616 cap.
1062 2544 1148 2611 15,
1178 2544 1469 2599 Volcentes
1493 2556 1664 2601 vocat.

632 2624 913 2687 Frontino,
940 2640 1062 2696 pag.
1101 2642 1187 2693 90,
1212 2624 1435 2678 Ulciana
1473 2625 1662 2697 profe-

632 2714 803 2756 ctura.
827 2702 1015 2755 Hsnn.

702 2780 790 2845 45.
852 2783 1191 2834 Numestrani.
1248 2780 1526 2854 Oppidum
1576 2782 1662 2835 his

631 2859 929 2912 Numistro.
944 2859 1254 2923 Frontinus,
1276 2858 1439 2913 Strat.
1463 2861 1557 2913 lib.
1585 2862 1665 2928 11,

633 2956 756 3009 cap.
798 2956 826 2991 α
866 2954 883 2989 :
928 2937 1246 2991 «Hannihal
1282 2938 1429 3009 apud
1470 2939 1662 2993 Numi·

630 3028 869 3070 stronem
892 3026 1078 3068 contra
1112 3016 1425 3069 Marcellum
1459 3036 1665 3089 pugna-

634 3107 814 3157 turus,
862 3106 964 3145 etc.
987 3116 1013 3139 ι
1059 3094 1245 3172 Livius
1283 3113 1499 3167 quoque
1518 3137 1534 3162 ,
1561 3097 1660 3151 lib.

632 3174 847 3226 XXVII
866 3209 882 3236 ‚
910 3189 1033 3243 cap.
1058 3190 1111 3224 π.
1143 3172 1216 3225 Η.
1238 3203 1311 3215 --
1334 3173 1474 3227 Situs
1511 3174 1664 3249 igno·

633 3263 800 3305 ratur.
821 3252 923 3303 En.

707 3334 798 3395 46.
845 3333 1052 3383 Thebas.
1107 3331 1244 3396 Quo
1284 3332 1420 3391 Θτὶὅη
1468 3326 1664 3397 ltaliae

632 3408 926 3481 Stephano.
966 3407 1159 3461 Hsnn.

704 3494 792 3558 47.
820 3491 959 3539 Cato.
998 3487 1065 3537 In
1088 3485 1236 3539 libris
1255 3487 1542 3559 Originum
1573 3490 1663 3545 de-

632 3564 873 3639 perditis.
892 3564 1075 3617 ΗΑΒ».

704 3645 794 3709 48.
828 3644 1148 3696 Pandosiam.
1182 3642 1532 3717 subintellige
1548 3686 1563 3712 ,
1589 3646 1666 3700 in·

632 3722 835 3776 teriisse
855 3738 871 3773 :
894 3720 953 3772 id
978 3721 1121 3773 enim
1128 3722 1297 3788 finisse
1320 3723 1465 3777 istud
1493 3738 1662 3781 sonat.

633 3803 823 3855 Han.
868 3828 940 3841 ·-
992 3798 1139 3853 MSS.
1190 3820 1376 3855 omnes
1431 3803 1664 3877 librique

633 3877 839 3949 vulgati
880 3886 1007 3929 ante
1040 3878 1414 3947 Hermolaum,
1454 3887 1663 3935 Mardo-

632 3961 772 4011 nium
790 3956 1215 4011 constantissime
1238 3959 1504 4014 retinent:
1527 3969 1662 4016 Pan-

635 4039 833 4089 dosiam
866 4034 1129 4091 Barbarus
1165 4038 1443 4111 rescripsit
1466 4058 1484 4093 ε
1514 4044 1662 4114 quod

1755 1126 1812 1177 in
1857 1123 2120 1179 Pandosia
2179 1124 2376 1179 obiisse
2431 1125 2773 1181 Alexandrum

1755 1204 2036 1276 scriptores
2081 1222 2266 1257 omnes
2322 1206 2673 1260 consentiant.
2714 1206 2775 1259 Et

1752 1284 1942 1337 Livius
1977 1282 2193 1356 quidem
2222 1321 2238 1345 ‚
2269 1284 2367 1355 qui
2389 1302 2531 1337 nnus
2557 1304 2668 1339 esse
2691 1304 2771 1357 po·

1755 1374 1858 1417 test
1877 1363 2044 1417 instar
2068 1363 2315 1415 omnium
2338 1380 2354 1416 :
2380 1388 2404 1411 ι
2419 1364 2773 1418 Alexandrum

1755 1443 1905 1516 Epiri
1917 1461 2095 1514 regem
2112 1481 2129 1508 ,
2141 1446 2240 1506 ait,
2258 1443 2326 1496 ab
2345 1444 2528 1498 exsule
2541 1446 2774 1499 affirmas·

1755 1541 1830 1577 se.
1856 1523 2042 1575 Accito
2077 1523 2145 1573 ab
2161 1522 2468 1577 Tarentinis
2496 1525 2554 1576 in
2583 1524 2774 1577 Italiam

1757 1601 1877 1655 data
1903 1598 2069 1654 dictio
2112 1614 2226 1654 erat
2243 1639 2260 1665 ,
2300 1616 2517 1657 caveret
2553 1604 2774 1657 Achem-

1756 1680 1884 1734 siam
1906 1698 2123 1753 aquam,
2139 1678 2570 1755 Pandosiamque
2581 1684 2776 1737 urbem:

1757 1759 1833 1811 ibi
1858 1759 1983 1813 fatis
2003 1762 2119 1833 ejus
2138 1759 2428 1813 terminum
2447 1760 2599 1815 dari:
2622 1782 2774 1835 eoque

1758 1856 1928 1912 ocyus
1992 1838 2288 1891 transmisit
2333 1840 2388 1893 iu
2437 1840 2642 1895 Italiam
2663 1882 2678 1908 ,
2723 1852 2774 1894 ut

1757 1937 1920 1991 quam
1967 1918 2198 1971 maxime
2250 1919 2442 1990 procul
2479 1922 2685 1975 abesset
2714 1922 2774 1974 ab

1757 1998 1891 2051 urbe
1926 1997 2192 2051 Pandosia
2223 2002 2282 2050 in
2308 1998 2475 2070 Epiro
2495 2038 2514 2064 ,
2538 2012 2592 2054 et
2615 1999 2772 2053 Ache·

1754 2089 1913 2130 ronte
1951 2076 2157 2132 amni...
2198 2078 2464 2132 Caeternm
2487 2085 2511 2152 (
2533 2093 2596 2133 ut
2622 2079 2770 2133 ferme

1756 2155 2014 2227 fugiendo
2039 2157 2098 2209 iu
2131 2156 2308 2212 media
2344 2158 2449 2211 fata
2477 2162 2654 2213 ruitur
2679 2162 2771 2229 )....

1754 2235 1900 2290 haud
1921 2235 2108 2307 procul
2145 2236 2408 2291 Pandosia
2446 2240 2586 2293 urbe
2619 2238 2773 2291 immi-

1754 2326 1939 2367 nentes
1977 2315 2209 2368 Lucanis
2255 2333 2318 2368 ac
2359 2316 2563 2372 Brutiis
2591 2318 2772 2371 finibus

1753 2404 1860 2446 tres
1896 2395 2134 2448 tumulos
2151 2394 2402 2448 insedit..
2430 2396 2682 2451 Pervenit
2711 2394 2774 2448 sd

1754 2489 2023 2525 amnem...
2040 2491 2201 2544 quem
2237 2492 2406 2545 quum
2429 2474 2773 2531 incer-tovado

1753 2552 2002 2605 transiret
2047 2570 2270 2625 agmen,
2305 2553 2477 2607 fessus
2535 2569 2678 2609 metu
2715 2570 2771 2608 ac

1750 2631 1931 2684 labore
1947 2632 2116 2693 miles,
2141 2630 2426 2704 increpans
2437 2652 2646 2691 ‚nomen
2663 2635 2772 2687 sbo-

1751 2709 2066 2764 minandum
2094 2710 2364 2777 fluminis,
2393 2715 2518 2786 jure
2538 2715 2772 2767 Acheron

1749 2789 1985 2853 vocaris,
2005 2789 2208 2861 inquit,
2227 2804 2332 2844 etc.
2356 2817 2384 2837 n
2405 2792 2497 2846 Sic
2518 2794 2774 2848 Acheron·

1749 2880 1856 2921 tem
1879 2867 2104 2921 fluvium
2125 2906 2142 2933 ,
2161 2882 2216 2923 et
2243 2869 2568 2927 Pandosiam
2595 2875 2654 2927 in
2675 2874 2771 2926 Lu·

1749 2948 1894 3000 canis
1919 2946 2114 3001 diserte
2140 2949 2372 3021 appellat
2414 2950 2612 3007 Strabo
2657 2968 2773 3025 quo·

1748 3044 1875 3097 que,
1893 3026 1985 3078 lib.
2006 3026 2076 3093 V,
2095 3045 2219 3099 pag.
2243 3028 2363 3081 256.
2387 3028 2602 3100 Suidas,
2619 3032 2770 3084 verbo

1747 3104 1918 3166 Τόνον,
1954 3104 2169 3177 aliique.
2203 3108 2406 3161 Verum
2447 3128 2620 3180 quum
2647 3110 2770 3164 circs

1747 3183 2094 3248 Pandosiam‚
2113 3184 2224 3256 περὶ
2233 3185 2534 3257 Πανδοσίαν,
2553 3190 2770 3243 interiis-

1751 3281 1808 3316 se
1875 3262 2238 3317 Alexandrum
2289 3266 2488 3320 Strabo
2559 3270 2771 3323 affirmet

1749 3360 1864 3393 non
1894 3342 1952 3395 in
1978 3344 2091 3415 ipsa
2121 3360 2137 3395 :
2179 3344 2320 3397 circa
2352 3345 2676 3402 Pandosiam
2702 3349 2768 3401 le-

1750 3419 1879 3473 thali
1927 3422 2148 3475 vulnere
2190 3424 2448 3489 affectus,
2491 3426 2772 3481 concedere

1750 3498 2090 3552 Mardonium
2109 3502 2287 3573 potuit
2305 3541 2321 3565 ‚
2361 3504 2456 3557 ubi
2476 3524 2547 3558 ex
2569 3507 2771 3560 vulnere

1751 3577 1987 3631 obierit:
2017 3590 2072 3631 et
2115 3579 2258 3633 hanc
2299 3582 2492 3636 urbem
2531 3584 2772 3638 interiisse

1751 3654 1949 3709 deinde
2001 3656 2384 3731 Theopompus
2433 3674 2520 3715 est
2574 3675 2773 3725 auctor,

1751 3751 1922 3805 quum
1983 3744 2145 3789 staret
2206 3736 2418 3791 interim
2484 3740 2737 3794 Pandosia
2753 3774 2768 3801 ‚

1752 3830 1916 3943 {uam
1948 3813 2113 3868 hodie
2145 3819 2319 3868 ensem
2351 3824 2549 3871 Franco
2576 3830 2769 3875 vocant.

1807 3908 1933 3943 sno.

1824 3976 1914 4037 49.
1959 3976 2272 4027 Alexander.
2306 3975 2458 4047 Epiri
2495 3996 2608 4033 rex.
2637 3976 2770 4032 Obiit

1749 4066 1893 4103 anno
1911 4050 1977 4103 U.
2001 4051 2068 4105 C.
2091 4054 2214 4117 4²8.
2241 4054 2424 4109 Hann.
