<?xml version="1.0" encoding="UTF-8"?>
<!DOCTYPE html PUBLIC "-//W3C//DTD XHTML 1.0 Transitional//EN"
    "http://www.w3.org/TR/xhtml1/DTD/xhtml1-transitional.dtd">
<html xmlns="http://www.w3.org/1999/xhtml" xml:lang="en" lang="en">
 <head>
  <title>
</title>
<meta http-equiv="Content-Type" content="text/html;charset=utf-8" />
  <meta name='ocr-system' content='tesseract 3.04.00' />
  <meta name='ocr-capabilities' content='ocr_page ocr_carea ocr_par ocr_line ocrx_word'/>
</head>
<body>
  <div class='ocr_page' id='page_1' title='image "./caiipliniisecun06plingoog_0758.png"; bbox 0 0 2950 5017; ppageno 0'>
   <div class='ocr_carea' id='block_1_1' title="bbox 1088 451 2396 545">
    <p class='ocr_par' dir='ltr' id='par_1_1' title="bbox 1088 451 2396 545">
     <span class='ocr_line' id='line_1_1' title="bbox 1088 451 2396 545; baseline 0.002 -27"><span class='ocrx_word' id='word_1_1' title='bbox 1088 451 1410 520; x_wconf 81' lang='lat' dir='ltr'>LIBER</span> <span class='ocrx_word' id='word_1_2' title='bbox 1467 451 1597 517; x_wconf 79' lang='lat' dir='ltr'><strong>vl.</strong></span> <span class='ocrx_word' id='word_1_3' title='bbox 2264 453 2396 545; x_wconf 76' lang='lat'><strong>74¹</strong></span> 
     </span>
    </p>
   </div>
   <div class='ocr_carea' id='block_1_2' title="bbox 267 565 2507 1836">
    <p class='ocr_par' dir='ltr' id='par_1_2' title="bbox 267 565 2507 1737">
     <span class='ocr_line' id='line_1_2' title="bbox 281 565 2402 678; baseline 0.001 -28"><span class='ocrx_word' id='word_1_4' title='bbox 281 583 514 652; x_wconf 85' lang='lat' dir='ltr'><strong>manda</strong></span> <span class='ocrx_word' id='word_1_5' title='bbox 555 605 838 678; x_wconf 84' lang='lat' dir='ltr'><strong>corpora</strong></span> <span class='ocrx_word' id='word_1_6' title='bbox 891 581 1276 677; x_wconf 86' lang='lat' dir='ltr'><strong>effigiesque</strong></span> <span class='ocrx_word' id='word_1_7' title='bbox 1333 580 1655 652; x_wconf 80' lang='lat' dir='ltr'><strong>caelandas</strong></span> <span class='ocrx_word' id='word_1_8' title='bbox 1706 579 2071 651; x_wconf 80' lang='lat' dir='ltr'><strong>mobilitate</strong></span> <span class='ocrx_word' id='word_1_9' title='bbox 2088 565 2149 606; x_wconf 73' lang='lat'><strong>⁶⁶</strong></span> <span class='ocrx_word' id='word_1_10' title='bbox 2190 583 2402 678; x_wconf 72' lang='lat' dir='ltr'><strong>ignea.</strong></span> 
     </span>
     <span class='ocr_line' id='line_1_3' title="bbox 278 673 2403 782; baseline 0.001 -26"><span class='ocrx_word' id='word_1_11' title='bbox 278 691 518 758; x_wconf 88' lang='lat' dir='ltr'><strong>Ferunt</strong></span> <span class='ocrx_word' id='word_1_12' title='bbox 557 673 804 759; x_wconf 81' lang='lat' dir='ltr'><strong>certe⁶⁷</strong></span> <span class='ocrx_word' id='word_1_13' title='bbox 855 687 942 756; x_wconf 89' lang='lat' dir='ltr'><strong>ab</strong></span> <span class='ocrx_word' id='word_1_14' title='bbox 977 690 1250 758; x_wconf 87' lang='lat' dir='ltr'><strong>orientis</strong></span> <span class='ocrx_word' id='word_1_15' title='bbox 1295 701 1485 782; x_wconf 85' lang='lat' dir='ltr'><strong>parte</strong></span> <span class='ocrx_word' id='word_1_16' title='bbox 1521 688 1756 757; x_wconf 87' lang='lat' dir='ltr'><strong>intima</strong></span> <span class='ocrx_word' id='word_1_17' title='bbox 1806 701 2037 781; x_wconf 84' lang='lat' dir='ltr'>gentes</span> <span class='ocrx_word' id='word_1_18' title='bbox 2072 711 2215 757; x_wconf 84' lang='lat' dir='ltr'><strong>esse</strong></span> <span class='ocrx_word' id='word_1_19' title='bbox 2262 691 2403 759; x_wconf 83' lang='lat' dir='ltr'><strong>sine</strong></span> 
     </span>
     <span class='ocr_line' id='line_1_4' title="bbox 277 791 2401 889; baseline 0.001 -27"><span class='ocrx_word' id='word_1_20' title='bbox 277 795 540 864; x_wconf 85' lang='lat' dir='ltr'><strong>naribus</strong></span> <span class='ocrx_word' id='word_1_21' title='bbox 560 847 580 880; x_wconf 89' lang='lat'><strong>,</strong></span> <span class='ocrx_word' id='word_1_22' title='bbox 623 791 853 889; x_wconf 82' lang='lat' dir='ltr'><strong>aequali</strong></span> <span class='ocrx_word' id='word_1_23' title='bbox 889 795 1094 863; x_wconf 84' lang='lat' dir='ltr'><strong>totius</strong></span> <span class='ocrx_word' id='word_1_24' title='bbox 1129 796 1280 864; x_wconf 85' lang='lat' dir='ltr'><strong>oris.</strong></span> <span class='ocrx_word' id='word_1_25' title='bbox 1301 792 1592 888; x_wconf 82' lang='lat' dir='ltr'><strong>planitie.</strong></span> <span class='ocrx_word' id='word_1_26' title='bbox 1618 791 1799 863; x_wconf 84' lang='lat' dir='ltr'><strong>Alias</strong></span> <span class='ocrx_word' id='word_1_27' title='bbox 1842 794 2183 888; x_wconf 82' lang='lat' dir='ltr'>superiore</span> <span class='ocrx_word' id='word_1_28' title='bbox 2214 791 2401 864; x_wconf 81' lang='lat' dir='ltr'><strong>labro</strong></span> 
     </span>
     <span class='ocr_line' id='line_1_5' title="bbox 277 885 2507 994; baseline 0 -26"><span class='ocrx_word' id='word_1_29' title='bbox 277 900 499 988; x_wconf 84' lang='lat' dir='ltr'><strong>orbas,</strong></span> <span class='ocrx_word' id='word_1_30' title='bbox 538 899 696 970; x_wconf 84' lang='lat' dir='ltr'><strong>alias</strong></span> <span class='ocrx_word' id='word_1_31' title='bbox 745 902 890 970; x_wconf 87' lang='lat' dir='ltr'><strong>sine</strong></span> <span class='ocrx_word' id='word_1_32' title='bbox 943 899 1202 994; x_wconf 89' lang='lat' dir='ltr'><strong>linguis.</strong></span> <span class='ocrx_word' id='word_1_33' title='bbox 1256 902 1420 969; x_wconf 85' lang='lat' dir='ltr'><strong>Pars</strong></span> <span class='ocrx_word' id='word_1_34' title='bbox 1437 885 1491 923; x_wconf 81' lang='lat'><strong>⁶⁸</strong></span> <span class='ocrx_word' id='word_1_35' title='bbox 1544 901 1745 969; x_wconf 87' lang='lat' dir='ltr'><strong>etiam</strong></span> <span class='ocrx_word' id='word_1_36' title='bbox 1796 924 1913 968; x_wconf 84' lang='lat' dir='ltr'><strong>ore</strong></span> <span class='ocrx_word' id='word_1_37' title='bbox 1964 915 2280 970; x_wconf 78' lang='lat' dir='ltr'><strong>concreto</strong></span> <span class='ocrx_word' id='word_1_38' title='bbox 2334 917 2401 971; x_wconf 88' lang='lat' dir='ltr'><strong>et</strong></span> <span class='ocrx_word' id='word_1_39' title='bbox 2443 935 2507 969; x_wconf 79' lang='grc' dir='ltr'><strong>ιο</strong></span> 
     </span>
     <span class='ocr_line' id='line_1_6' title="bbox 274 1005 2401 1101; baseline 0.002 -27"><span class='ocrx_word' id='word_1_40' title='bbox 274 1007 538 1076; x_wconf 86' lang='lat' dir='ltr'><strong>naribus</strong></span> <span class='ocrx_word' id='word_1_41' title='bbox 586 1027 818 1077; x_wconf 83' lang='lat' dir='ltr'><strong>carens</strong></span> <span class='ocrx_word' id='word_1_42' title='bbox 836 1060 857 1094; x_wconf 88' lang='lat'>‚</span> <span class='ocrx_word' id='word_1_43' title='bbox 899 1031 1042 1074; x_wconf 87' lang='lat' dir='ltr'><strong>uno</strong></span> <span class='ocrx_word' id='word_1_44' title='bbox 1071 1021 1332 1076; x_wconf 84' lang='lat' dir='ltr'><strong>tantum</strong></span> <span class='ocrx_word' id='word_1_45' title='bbox 1381 1005 1707 1075; x_wconf 83' lang='lat' dir='ltr'><strong>foramine</strong></span> <span class='ocrx_word' id='word_1_46' title='bbox 1748 1008 1993 1100; x_wconf 84' lang='lat' dir='ltr'><strong>spirat,</strong></span> <span class='ocrx_word' id='word_1_47' title='bbox 2033 1021 2401 1101; x_wconf 87' lang='lat' dir='ltr'><strong>potumque</strong></span> 
     </span>
     <span class='ocr_line' id='line_1_7' title="bbox 273 1110 2401 1207; baseline 0.001 -27"><span class='ocrx_word' id='word_1_48' title='bbox 273 1110 536 1182; x_wconf 86' lang='lat' dir='ltr'><strong>calamis</strong></span> <span class='ocrx_word' id='word_1_49' title='bbox 589 1137 814 1183; x_wconf 80' lang='lat' dir='ltr'><strong>avenae</strong></span> <span class='ocrx_word' id='word_1_50' title='bbox 856 1113 1103 1199; x_wconf 85' lang='lat' dir='ltr'><strong>trahit,</strong></span> <span class='ocrx_word' id='word_1_51' title='bbox 1157 1127 1227 1182; x_wconf 88' lang='lat' dir='ltr'><strong>et</strong></span> <span class='ocrx_word' id='word_1_52' title='bbox 1273 1135 1483 1206; x_wconf 84' lang='lat' dir='ltr'><strong>grana</strong></span> <span class='ocrx_word' id='word_1_53' title='bbox 1524 1111 1819 1204; x_wconf 87' lang='lat' dir='ltr'><strong>ejusdem</strong></span> <span class='ocrx_word' id='word_1_54' title='bbox 1877 1135 2103 1181; x_wconf 68' lang='lat' dir='ltr'><strong>avenne</strong></span> <span class='ocrx_word' id='word_1_55' title='bbox 2162 1127 2401 1207; x_wconf 87' lang='lat' dir='ltr'><strong>sponte</strong></span> 
     </span>
     <span class='ocr_line' id='line_1_8' title="bbox 270 1201 2399 1313; baseline 0.001 -27"><span class='ocrx_word' id='word_1_56' title='bbox 270 1219 712 1312; x_wconf 77' lang='lat' dir='ltr'><strong>provenientis</strong></span> <span class='ocrx_word' id='word_1_57' title='bbox 758 1217 844 1287; x_wconf 87' lang='lat' dir='ltr'><strong>ad</strong></span> <span class='ocrx_word' id='word_1_58' title='bbox 892 1217 1316 1288; x_wconf 81' lang='lat' dir='ltr'><strong>vescendum.</strong></span> <span class='ocrx_word' id='word_1_59' title='bbox 1381 1217 1801 1308; x_wconf 81' lang='lat' dir='ltr'><strong>Quibusdam</strong></span> <span class='ocrx_word' id='word_1_60' title='bbox 1818 1201 1873 1256; x_wconf 77' lang='lat'><strong>⁶⁹</strong></span> <span class='ocrx_word' id='word_1_61' title='bbox 1913 1242 2039 1313; x_wconf 83' lang='lat' dir='ltr'><strong>pro</strong></span> <span class='ocrx_word' id='word_1_62' title='bbox 2093 1242 2399 1290; x_wconf 83' lang='lat' dir='ltr'><strong>sermone</strong></span> 
     </span>
     <span class='ocr_line' id='line_1_9' title="bbox 269 1322 2398 1418; baseline 0.002 -27"><span class='ocrx_word' id='word_1_63' title='bbox 269 1339 466 1393; x_wconf 88' lang='lat' dir='ltr'><strong>nutus</strong></span> <span class='ocrx_word' id='word_1_64' title='bbox 499 1338 852 1418; x_wconf 88' lang='lat' dir='ltr'><strong>motusque</strong></span> <span class='ocrx_word' id='word_1_65' title='bbox 877 1322 1334 1394; x_wconf 84' lang='lat' dir='ltr'><strong>membrorum</strong></span> <span class='ocrx_word' id='word_1_66' title='bbox 1367 1338 1485 1393; x_wconf 86' lang='lat' dir='ltr'><strong>est.</strong></span> <span class='ocrx_word' id='word_1_67' title='bbox 1532 1323 1950 1413; x_wconf 84' lang='lat' dir='ltr'><strong>Quibusdam</strong></span> <span class='ocrx_word' id='word_1_68' title='bbox 1983 1337 2139 1394; x_wconf 90' lang='lat' dir='ltr'><strong>ante</strong></span> <span class='ocrx_word' id='word_1_69' title='bbox 2174 1323 2398 1395; x_wconf 85' lang='lat' dir='ltr'><strong>Ptole-</strong></span> 
     </span>
     <span class='ocr_line' id='line_1_10' title="bbox 269 1427 2393 1526; baseline 0.001 -28"><span class='ocrx_word' id='word_1_70' title='bbox 269 1427 566 1499; x_wconf 80' lang='lat' dir='ltr'><strong>maeum⁷⁰</strong></span> <span class='ocrx_word' id='word_1_71' title='bbox 588 1429 962 1500; x_wconf 81' lang='lat' dir='ltr'><strong>Lathurum</strong></span> <span class='ocrx_word' id='word_1_72' title='bbox 982 1454 1207 1525; x_wconf 83' lang='lat' dir='ltr'><strong>regem</strong></span> <span class='ocrx_word' id='word_1_73' title='bbox 1227 1429 1495 1526; x_wconf 78' lang='lat' dir='ltr'><strong>AEgypti</strong></span> <span class='ocrx_word' id='word_1_74' title='bbox 1515 1429 1783 1524; x_wconf 86' lang='lat' dir='ltr'><strong>ignotus</strong></span> <span class='ocrx_word' id='word_1_75' title='bbox 1802 1429 1927 1498; x_wconf 83' lang='lat' dir='ltr'><strong>fuit</strong></span> <span class='ocrx_word' id='word_1_76' title='bbox 1945 1453 2103 1499; x_wconf 90' lang='lat' dir='ltr'><strong>usus</strong></span> <span class='ocrx_word' id='word_1_77' title='bbox 2122 1430 2393 1526; x_wconf 82' lang='lat' dir='ltr'><strong>ignium.</strong></span> 
     </span>
     <span class='ocr_line' id='line_1_11' title="bbox 267 1534 2393 1631; baseline 0.002 -27"><span class='ocrx_word' id='word_1_78' title='bbox 267 1534 614 1624; x_wconf 85' lang='lat' dir='ltr'><strong>Quidam⁷¹</strong></span> <span class='ocrx_word' id='word_1_79' title='bbox 646 1551 716 1604; x_wconf 90' lang='lat' dir='ltr'><strong>et</strong></span> <span class='ocrx_word' id='word_1_80' title='bbox 745 1537 1202 1631; x_wconf 64' lang='lat' dir='ltr'><strong>Pygmaeorum</strong></span> <span class='ocrx_word' id='word_1_81' title='bbox 1234 1548 1500 1629; x_wconf 83' lang='lat' dir='ltr'><strong>gentem</strong></span> <span class='ocrx_word' id='word_1_82' title='bbox 1541 1535 1977 1630; x_wconf 82' lang='lat' dir='ltr'><strong>prodiderunt</strong></span> <span class='ocrx_word' id='word_1_83' title='bbox 2011 1534 2239 1605; x_wconf 83' lang='lat' dir='ltr'><strong>inter⁷²</strong></span> <span class='ocrx_word' id='word_1_84' title='bbox 2271 1561 2393 1629; x_wconf 81' lang='lat' dir='ltr'><strong>pa-</strong></span> 
     </span>
     <span class='ocr_line' id='line_1_12' title="bbox 267 1627 1515 1737; baseline 0.001 -28"><span class='ocrx_word' id='word_1_85' title='bbox 267 1639 448 1710; x_wconf 89' lang='lat' dir='ltr'><strong>ludes</strong></span> <span class='ocrx_word' id='word_1_86' title='bbox 468 1695 491 1729; x_wconf 88' lang='lat'><strong>,</strong></span> <span class='ocrx_word' id='word_1_87' title='bbox 530 1627 674 1710; x_wconf 69' lang='lat' dir='ltr'><strong>e1⁷³</strong></span> <span class='ocrx_word' id='word_1_88' title='bbox 710 1640 953 1737; x_wconf 87' lang='lat' dir='ltr'><strong>quibus</strong></span> <span class='ocrx_word' id='word_1_89' title='bbox 981 1641 1176 1712; x_wconf 87' lang='lat' dir='ltr'><strong>Nilus</strong></span> <span class='ocrx_word' id='word_1_90' title='bbox 1209 1642 1515 1711; x_wconf 83' lang='lat' dir='ltr'><strong>oriretur.</strong></span> 
     </span>
    </p>

    <p class='ocr_par' dir='ltr' id='par_1_3' title="bbox 359 1745 2497 1836">
     <span class='ocr_line' id='line_1_13' title="bbox 359 1745 2497 1836; baseline 0.002 -22"><span class='ocrx_word' id='word_1_91' title='bbox 359 1746 474 1814; x_wconf 85' lang='lat' dir='ltr'><strong>In¹</strong></span> <span class='ocrx_word' id='word_1_92' title='bbox 504 1771 624 1816; x_wconf 86' lang='lat' dir='ltr'><strong>ora</strong></span> <span class='ocrx_word' id='word_1_93' title='bbox 650 1762 904 1836; x_wconf 86' lang='lat' dir='ltr'><strong>autem,</strong></span> <span class='ocrx_word' id='word_1_94' title='bbox 939 1748 1054 1816; x_wconf 88' lang='lat' dir='ltr'><strong>ubi</strong></span> <span class='ocrx_word' id='word_1_95' title='bbox 1085 1748 1427 1834; x_wconf 57' lang='lat' dir='ltr'><strong>desiimus»,</strong></span> <span class='ocrx_word' id='word_1_96' title='bbox 1458 1745 1795 1818; x_wconf 83' lang='lat' dir='ltr'><strong>continui²</strong></span> <span class='ocrx_word' id='word_1_97' title='bbox 1829 1762 2125 1831; x_wconf 85' lang='lat' dir='ltr'><strong>montes,</strong></span> <span class='ocrx_word' id='word_1_98' title='bbox 2167 1747 2398 1819; x_wconf 80' lang='lat' dir='ltr'><strong>arden·</strong></span> <span class='ocrx_word' id='word_1_99' title='bbox 2439 1790 2497 1825; x_wconf 75' lang='grc' dir='ltr'><strong>η</strong></span> 
     </span>
    </p>
   </div>
   <div class='ocr_carea' id='block_1_3' title="bbox 249 1919 2395 2390">
    <p class='ocr_par' dir='ltr' id='par_1_4' title="bbox 249 1919 2395 2390">
     <span class='ocr_line' id='line_1_14' title="bbox 329 1919 2393 1993; baseline 0.001 -20"><span class='ocrx_word' id='word_1_100' title='bbox 329 1923 426 1976; x_wconf 91' lang='grc'><strong>66.</strong></span> <span class='ocrx_word' id='word_1_101' title='bbox 448 1921 726 1974; x_wconf 74' lang='lat' dir='ltr'><strong>Mobilitaee</strong></span> <span class='ocrx_word' id='word_1_102' title='bbox 747 1926 906 1992; x_wconf 63' lang='lat' dir='ltr'><strong>Ignea.</strong></span> <span class='ocrx_word' id='word_1_103' title='bbox 931 1921 1061 1976; x_wconf 66' lang='lat' dir='ltr'><strong>celi</strong></span> <span class='ocrx_word' id='word_1_104' title='bbox 1079 1921 1282 1976; x_wconf 78' lang='lat' dir='ltr'><strong>AEthio·</strong></span> <span class='ocrx_word' id='word_1_105' title='bbox 1366 1919 1517 1992; x_wconf 80' lang='lat' dir='ltr'><strong>quod</strong></span> <span class='ocrx_word' id='word_1_106' title='bbox 1574 1939 1675 1992; x_wconf 81' lang='lat' dir='ltr'><strong>pro</strong></span> <span class='ocrx_word' id='word_1_107' title='bbox 1737 1921 1863 1975; x_wconf 79' lang='lat' dir='ltr'><strong>satis</strong></span> <span class='ocrx_word' id='word_1_108' title='bbox 1918 1921 2165 1993; x_wconf 74' lang='lat' dir='ltr'><strong>frugibus</strong></span> <span class='ocrx_word' id='word_1_109' title='bbox 2209 1935 2393 1976; x_wconf 73' lang='lat' dir='ltr'><strong>contra</strong></span> 
     </span>
     <span class='ocr_line' id='line_1_15' title="bbox 251 1997 2395 2073; baseline 0 -19"><span class='ocrx_word' id='word_1_110' title='bbox 251 2001 358 2072; x_wconf 84' lang='lat' dir='ltr'><strong>piei</strong></span> <span class='ocrx_word' id='word_1_111' title='bbox 389 2001 600 2068; x_wconf 69' lang='lat' dir='ltr'><strong>calore,</strong></span> <span class='ocrx_word' id='word_1_112' title='bbox 637 2002 947 2073; x_wconf 75' lang='lat' dir='ltr'><strong>vicinipque</strong></span> <span class='ocrx_word' id='word_1_113' title='bbox 989 2001 1113 2054; x_wconf 76' lang='lat' dir='ltr'><strong>solis</strong></span> <span class='ocrx_word' id='word_1_114' title='bbox 1133 1999 1280 2055; x_wconf 79' lang='lat' dir='ltr'><strong>varie</strong></span> <span class='ocrx_word' id='word_1_115' title='bbox 1364 2018 1523 2071; x_wconf 74' lang='lat' dir='ltr'><strong>grues</strong></span> <span class='ocrx_word' id='word_1_116' title='bbox 1544 1997 1854 2054; x_wconf 75' lang='lat' dir='ltr'><strong>dimicando</strong></span> <span class='ocrx_word' id='word_1_117' title='bbox 1878 1999 2087 2055; x_wconf 77' lang='lat' dir='ltr'><strong>defecit.</strong></span> <span class='ocrx_word' id='word_1_118' title='bbox 2119 2025 2143 2047; x_wconf 76' lang='grc' dir='ltr'>ι</span> <span class='ocrx_word' id='word_1_119' title='bbox 2171 2000 2257 2054; x_wconf 81' lang='lat' dir='ltr'><strong>Ad</strong></span> <span class='ocrx_word' id='word_1_120' title='bbox 2283 2001 2395 2055; x_wconf 88' lang='lat' dir='ltr'><strong>Nili</strong></span> 
     </span>
     <span class='ocr_line' id='line_1_16' title="bbox 251 2078 2391 2152; baseline 0.001 -20"><span class='ocrx_word' id='word_1_121' title='bbox 251 2082 470 2152; x_wconf 75' lang='lat' dir='ltr'><strong>agitatas</strong></span> <span class='ocrx_word' id='word_1_122' title='bbox 483 2093 716 2146; x_wconf 79' lang='lat' dir='ltr'><strong>atomos,</strong></span> <span class='ocrx_word' id='word_1_123' title='bbox 733 2079 804 2134; x_wconf 79' lang='lat' dir='ltr'><strong>ad</strong></span> <span class='ocrx_word' id='word_1_124' title='bbox 816 2078 1120 2135; x_wconf 79' lang='lat' dir='ltr'><strong>efficiendas</strong></span> <span class='ocrx_word' id='word_1_125' title='bbox 1141 2080 1280 2133; x_wconf 85' lang='lat' dir='ltr'><strong>mul·</strong></span> <span class='ocrx_word' id='word_1_126' title='bbox 1363 2080 1536 2133; x_wconf 86' lang='lat' dir='ltr'><strong>fontes</strong></span> <span class='ocrx_word' id='word_1_127' title='bbox 1566 2080 1633 2132; x_wconf 83' lang='lat' dir='ltr'><strong>ab</strong></span> <span class='ocrx_word' id='word_1_128' title='bbox 1661 2079 1943 2133; x_wconf 77' lang='lat' dir='ltr'><strong>Aristotele</strong></span> <span class='ocrx_word' id='word_1_129' title='bbox 1984 2080 2187 2152; x_wconf 80' lang='lat' dir='ltr'><strong>pariter</strong></span> <span class='ocrx_word' id='word_1_130' title='bbox 2227 2082 2391 2134; x_wconf 85' lang='lat' dir='ltr'><strong>collo-</strong></span> 
     </span>
     <span class='ocr_line' id='line_1_17' title="bbox 249 2159 2389 2233; baseline 0.001 -21"><span class='ocrx_word' id='word_1_131' title='bbox 249 2161 455 2233; x_wconf 83' lang='lat' dir='ltr'><strong>tiplices</strong></span> <span class='ocrx_word' id='word_1_132' title='bbox 491 2178 784 2232; x_wconf 82' lang='lat' dir='ltr'><strong>corporum</strong></span> <span class='ocrx_word' id='word_1_133' title='bbox 813 2161 1011 2233; x_wconf 76' lang='lat' dir='ltr'><strong>figuras</strong></span> <span class='ocrx_word' id='word_1_134' title='bbox 1031 2161 1278 2213; x_wconf 76' lang='lat' dir='ltr'><strong>conferre</strong></span> <span class='ocrx_word' id='word_1_135' title='bbox 1363 2171 1575 2213; x_wconf 81' lang='lat' dir='ltr'><strong>cantur.</strong></span> <span class='ocrx_word' id='word_1_136' title='bbox 1607 2160 1687 2212; x_wconf 90' lang='lat' dir='ltr'><strong>De</strong></span> <span class='ocrx_word' id='word_1_137' title='bbox 1708 2159 1969 2232; x_wconf 69' lang='lat' dir='ltr'><strong>pygmaeis</strong></span> <span class='ocrx_word' id='word_1_138' title='bbox 2011 2159 2239 2214; x_wconf 76' lang='lat' dir='ltr'><strong>diximus</strong></span> <span class='ocrx_word' id='word_1_139' title='bbox 2272 2180 2389 2233; x_wconf 73' lang='lat' dir='ltr'><strong>cap.</strong></span> 
     </span>
     <span class='ocr_line' id='line_1_18' title="bbox 253 2236 1665 2310; baseline -0.001 -19"><span class='ocrx_word' id='word_1_140' title='bbox 253 2239 550 2308; x_wconf 82' lang='lat' dir='ltr'><strong>plurimum</strong></span> <span class='ocrx_word' id='word_1_141' title='bbox 601 2252 772 2310; x_wconf 86' lang='lat' dir='ltr'><strong>putat.</strong></span> <span class='ocrx_word' id='word_1_142' title='bbox 821 2240 936 2293; x_wconf 86' lang='lat' dir='ltr'><strong>Nec</strong></span> <span class='ocrx_word' id='word_1_143' title='bbox 976 2257 1100 2293; x_wconf 79' lang='lat' dir='ltr'><strong>sane</strong></span> <span class='ocrx_word' id='word_1_144' title='bbox 1129 2238 1276 2293; x_wconf 84' lang='lat' dir='ltr'><strong>diffi-</strong></span> <span class='ocrx_word' id='word_1_145' title='bbox 1365 2258 1454 2292; x_wconf 66' lang='grc' dir='ltr'><strong>υ.</strong></span> <span class='ocrx_word' id='word_1_146' title='bbox 1483 2236 1665 2290; x_wconf 63' lang='lat' dir='ltr'><strong>Han.</strong></span> 
     </span>
     <span class='ocr_line' id='line_1_19' title="bbox 249 2317 2389 2390; baseline 0 -18"><span class='ocrx_word' id='word_1_147' title='bbox 249 2331 367 2372; x_wconf 80' lang='lat' dir='ltr'><strong>tem·</strong></span> <span class='ocrx_word' id='word_1_148' title='bbox 382 2357 401 2386; x_wconf 83' lang='lat'>‚</span> <span class='ocrx_word' id='word_1_149' title='bbox 434 2331 497 2372; x_wconf 87' lang='lat' dir='ltr'><strong>ut</strong></span> <span class='ocrx_word' id='word_1_150' title='bbox 518 2319 642 2372; x_wconf 78' lang='lat' dir='ltr'><strong>alibi</strong></span> <span class='ocrx_word' id='word_1_151' title='bbox 670 2320 724 2372; x_wconf 81' lang='lat' dir='ltr'><strong>vi</strong></span> <span class='ocrx_word' id='word_1_152' title='bbox 747 2319 961 2390; x_wconf 78' lang='lat' dir='ltr'><strong>frigoris</strong></span> <span class='ocrx_word' id='word_1_153' title='bbox 983 2318 1150 2372; x_wconf 78' lang='lat' dir='ltr'><strong>nimia</strong></span> <span class='ocrx_word' id='word_1_154' title='bbox 1165 2360 1181 2385; x_wconf 87' lang='lat'>‚</span> <span class='ocrx_word' id='word_1_155' title='bbox 1201 2319 1278 2372; x_wconf 83' lang='lat' dir='ltr'><strong>sic</strong></span> <span class='ocrx_word' id='word_1_156' title='bbox 1445 2337 1541 2388; x_wconf 82' lang='lat'><strong>7²·</strong></span> <span class='ocrx_word' id='word_1_157' title='bbox 1570 2319 1707 2371; x_wconf 79' lang='lat' dir='ltr'><strong>Inter</strong></span> <span class='ocrx_word' id='word_1_158' title='bbox 1725 2317 1944 2388; x_wconf 73' lang='lat' dir='ltr'><strong>paludes.</strong></span> <span class='ocrx_word' id='word_1_159' title='bbox 1970 2318 2277 2372; x_wconf 56' lang='lat' dir='ltr'><strong>Delecamte</strong></span> <span class='ocrx_word' id='word_1_160' title='bbox 2294 2341 2389 2390; x_wconf 78' lang='lat' dir='ltr'><strong>pa·</strong></span> 
     </span>
    </p>
   </div>
   <div class='ocr_carea' id='block_1_4' title="bbox 209 2397 1279 4141">
    <p class='ocr_par' dir='ltr' id='par_1_5' title="bbox 245 2397 1279 2611">
     <span class='ocr_line' id='line_1_20' title="bbox 245 2397 1279 2471; baseline 0.001 -21"><span class='ocrx_word' id='word_1_161' title='bbox 245 2397 378 2451; x_wconf 80' lang='lat' dir='ltr'><strong>iniis</strong></span> <span class='ocrx_word' id='word_1_162' title='bbox 391 2398 545 2452; x_wconf 82' lang='lat' dir='ltr'><strong>terris</strong></span> <span class='ocrx_word' id='word_1_163' title='bbox 559 2399 764 2471; x_wconf 71' lang='lat' dir='ltr'><strong>ignium</strong></span> <span class='ocrx_word' id='word_1_164' title='bbox 779 2398 1096 2469; x_wconf 83' lang='lat' dir='ltr'><strong>intemperie</strong></span> <span class='ocrx_word' id='word_1_165' title='bbox 1106 2399 1279 2452; x_wconf 80' lang='lat' dir='ltr'><strong>multa</strong></span> 
     </span>
     <span class='ocr_line' id='line_1_21' title="bbox 247 2478 1278 2548; baseline 0 -16"><span class='ocrx_word' id='word_1_166' title='bbox 247 2495 405 2548; x_wconf 77' lang='lat' dir='ltr'><strong>posse</strong></span> <span class='ocrx_word' id='word_1_167' title='bbox 439 2495 662 2548; x_wconf 76' lang='lat' dir='ltr'><strong>peccare</strong></span> <span class='ocrx_word' id='word_1_168' title='bbox 700 2491 950 2532; x_wconf 78' lang='lat' dir='ltr'><strong>naturam</strong></span> <span class='ocrx_word' id='word_1_169' title='bbox 967 2516 984 2544; x_wconf 88' lang='lat'><strong>,</strong></span> <span class='ocrx_word' id='word_1_170' title='bbox 1021 2478 1190 2532; x_wconf 85' lang='lat' dir='ltr'><strong>immo</strong></span> <span class='ocrx_word' id='word_1_171' title='bbox 1225 2489 1278 2532; x_wconf 92' lang='lat' dir='ltr'><strong>et</strong></span> 
     </span>
     <span class='ocr_line' id='line_1_22' title="bbox 245 2556 642 2611; baseline 0.003 -1"><span class='ocrx_word' id='word_1_172' title='bbox 245 2557 438 2611; x_wconf 85' lang='lat' dir='ltr'><strong>solere.</strong></span> <span class='ocrx_word' id='word_1_173' title='bbox 459 2556 642 2611; x_wconf 60' lang='lat' dir='ltr'><strong>Hisn.</strong></span> 
     </span>
    </p>

    <p class='ocr_par' dir='ltr' id='par_1_6' title="bbox 333 2633 1140 2706">
     <span class='ocr_line' id='line_1_23' title="bbox 333 2633 1140 2706; baseline -0.001 -17"><span class='ocrx_word' id='word_1_174' title='bbox 333 2640 438 2706; x_wconf 81' lang='lat'><strong>67.</strong></span> <span class='ocrx_word' id='word_1_175' title='bbox 467 2637 626 2692; x_wconf 77' lang='lat' dir='ltr'><strong>Certe.</strong></span> <span class='ocrx_word' id='word_1_176' title='bbox 659 2635 845 2691; x_wconf 81' lang='lat' dir='ltr'><strong>Chiffl.</strong></span> <span class='ocrx_word' id='word_1_177' title='bbox 862 2640 1020 2690; x_wconf 75' lang='lat' dir='ltr'><strong>certis.</strong></span> <span class='ocrx_word' id='word_1_178' title='bbox 1037 2633 1140 2688; x_wconf 81' lang='lat' dir='ltr'><strong>En.</strong></span> 
     </span>
    </p>

    <p class='ocr_par' dir='ltr' id='par_1_7' title="bbox 247 2717 1276 2867">
     <span class='ocr_line' id='line_1_24' title="bbox 327 2717 1276 2788; baseline 0.002 -20"><span class='ocrx_word' id='word_1_179' title='bbox 327 2717 426 2771; x_wconf 82' lang='lat'><strong>68.</strong></span> <span class='ocrx_word' id='word_1_180' title='bbox 441 2717 571 2769; x_wconf 77' lang='lat' dir='ltr'><strong>Pars</strong></span> <span class='ocrx_word' id='word_1_181' title='bbox 591 2721 752 2770; x_wconf 80' lang='lat' dir='ltr'><strong>etiam.</strong></span> <span class='ocrx_word' id='word_1_182' title='bbox 769 2717 1002 2780; x_wconf 82' lang='lat' dir='ltr'><strong>Solinus,</strong></span> <span class='ocrx_word' id='word_1_183' title='bbox 1018 2733 1133 2788; x_wconf 82' lang='lat' dir='ltr'><strong>cap.</strong></span> <span class='ocrx_word' id='word_1_184' title='bbox 1149 2734 1276 2782; x_wconf 84' lang='lat' dir='ltr'>xxx,</span> 
     </span>
     <span class='ocr_line' id='line_1_25' title="bbox 247 2793 719 2867; baseline -0.002 -17"><span class='ocrx_word' id='word_1_185' title='bbox 247 2813 374 2867; x_wconf 77' lang='lat' dir='ltr'><strong>pag.</strong></span> <span class='ocrx_word' id='word_1_186' title='bbox 410 2795 504 2850; x_wconf 83' lang='lat'><strong>56.</strong></span> <span class='ocrx_word' id='word_1_187' title='bbox 536 2793 719 2850; x_wconf 76' lang='lat' dir='ltr'><strong>Hum.</strong></span> 
     </span>
    </p>

    <p class='ocr_par' dir='ltr' id='par_1_8' title="bbox 233 2875 1277 3423">
     <span class='ocr_line' id='line_1_26' title="bbox 325 2875 1277 2947; baseline 0 -20"><span class='ocrx_word' id='word_1_188' title='bbox 325 2878 422 2944; x_wconf 84' lang='lat'><strong>69.</strong></span> <span class='ocrx_word' id='word_1_189' title='bbox 459 2875 758 2946; x_wconf 73' lang='lat' dir='ltr'><strong>Quibusdam</strong></span> <span class='ocrx_word' id='word_1_190' title='bbox 784 2895 896 2947; x_wconf 82' lang='lat' dir='ltr'><strong>pm.</strong></span> <span class='ocrx_word' id='word_1_191' title='bbox 934 2875 1145 2929; x_wconf 86' lang='lat' dir='ltr'><strong>Solinus</strong></span> <span class='ocrx_word' id='word_1_192' title='bbox 1173 2875 1277 2928; x_wconf 89' lang='lat' dir='ltr'><strong>loc.</strong></span> 
     </span>
     <span class='ocr_line' id='line_1_27' title="bbox 236 2952 1274 3021; baseline 0.002 -15"><span class='ocrx_word' id='word_1_193' title='bbox 236 2952 335 3008; x_wconf 82' lang='lat' dir='ltr'><strong>cit.</strong></span> <span class='ocrx_word' id='word_1_194' title='bbox 364 2952 508 3007; x_wconf 82' lang='lat' dir='ltr'><strong>Vide</strong></span> <span class='ocrx_word' id='word_1_195' title='bbox 533 2967 684 3008; x_wconf 72' lang='lat' dir='ltr'><strong>notas</strong></span> <span class='ocrx_word' id='word_1_196' title='bbox 709 2954 849 3008; x_wconf 80' lang='lat' dir='ltr'><strong>Lud.</strong></span> <span class='ocrx_word' id='word_1_197' title='bbox 874 2955 1074 3021; x_wconf 76' lang='lat' dir='ltr'><strong>vans,</strong></span> <span class='ocrx_word' id='word_1_198' title='bbox 1095 2955 1151 3007; x_wconf 87' lang='lat' dir='ltr'><strong>in</strong></span> <span class='ocrx_word' id='word_1_199' title='bbox 1177 2954 1274 3008; x_wconf 84' lang='lat' dir='ltr'><strong>lib.</strong></span> 
     </span>
     <span class='ocr_line' id='line_1_28' title="bbox 240 3031 1272 3106; baseline 0.001 -20"><span class='ocrx_word' id='word_1_200' title='bbox 240 3033 409 3099; x_wconf 67' lang='lat' dir='ltr'><strong>xvh</strong></span> <span class='ocrx_word' id='word_1_201' title='bbox 453 3035 676 3106; x_wconf 77' lang='lat' dir='ltr'><strong>August.</strong></span> <span class='ocrx_word' id='word_1_202' title='bbox 699 3031 770 3087; x_wconf 89' lang='lat' dir='ltr'><strong>de</strong></span> <span class='ocrx_word' id='word_1_203' title='bbox 796 3033 958 3088; x_wconf 82' lang='lat' dir='ltr'><strong>civit.</strong></span> <span class='ocrx_word' id='word_1_204' title='bbox 989 3034 1088 3088; x_wconf 90' lang='lat' dir='ltr'><strong>Dei</strong></span> <span class='ocrx_word' id='word_1_205' title='bbox 1110 3073 1126 3100; x_wconf 88' lang='lat'><strong>,</strong></span> <span class='ocrx_word' id='word_1_206' title='bbox 1153 3051 1272 3105; x_wconf 81' lang='lat' dir='ltr'><strong>cap.</strong></span> 
     </span>
     <span class='ocr_line' id='line_1_29' title="bbox 239 3111 1274 3184; baseline 0.001 -18"><span class='ocrx_word' id='word_1_207' title='bbox 239 3115 296 3166; x_wconf 83' lang='lat'><strong>8.</strong></span> <span class='ocrx_word' id='word_1_208' title='bbox 321 3111 711 3184; x_wconf 68' lang='lat' dir='ltr'><strong>nujuscemodi</strong></span> <span class='ocrx_word' id='word_1_209' title='bbox 727 3113 986 3168; x_wconf 81' lang='lat' dir='ltr'><strong>silvestres</strong></span> <span class='ocrx_word' id='word_1_210' title='bbox 1001 3113 1244 3167; x_wconf 84' lang='lat' dir='ltr'><strong>homines</strong></span> <span class='ocrx_word' id='word_1_211' title='bbox 1257 3152 1274 3179; x_wconf 86' lang='lat'>,</span> 
     </span>
     <span class='ocr_line' id='line_1_30' title="bbox 235 3192 1274 3265; baseline 0.003 -22"><span class='ocrx_word' id='word_1_212' title='bbox 235 3192 338 3264; x_wconf 82' lang='lat' dir='ltr'><strong>qui</strong></span> <span class='ocrx_word' id='word_1_213' title='bbox 366 3193 592 3246; x_wconf 83' lang='lat' dir='ltr'><strong>nutibus</strong></span> <span class='ocrx_word' id='word_1_214' title='bbox 620 3212 721 3265; x_wconf 85' lang='lat' dir='ltr'><strong>pro</strong></span> <span class='ocrx_word' id='word_1_215' title='bbox 741 3211 986 3247; x_wconf 83' lang='lat' dir='ltr'><strong>sermone</strong></span> <span class='ocrx_word' id='word_1_216' title='bbox 1021 3204 1240 3246; x_wconf 84' lang='lat' dir='ltr'><strong>utantur</strong></span> <span class='ocrx_word' id='word_1_217' title='bbox 1257 3232 1274 3259; x_wconf 86' lang='lat'>,</span> 
     </span>
     <span class='ocr_line' id='line_1_31' title="bbox 233 3271 1272 3344; baseline 0.002 -21"><span class='ocrx_word' id='word_1_218' title='bbox 233 3272 316 3324; x_wconf 85' lang='lat' dir='ltr'><strong>ait</strong></span> <span class='ocrx_word' id='word_1_219' title='bbox 335 3289 450 3325; x_wconf 88' lang='lat' dir='ltr'><strong>esse</strong></span> <span class='ocrx_word' id='word_1_220' title='bbox 481 3273 539 3325; x_wconf 86' lang='lat' dir='ltr'><strong>in</strong></span> <span class='ocrx_word' id='word_1_221' title='bbox 571 3272 876 3344; x_wconf 82' lang='lat' dir='ltr'><strong>Hispaniola</strong></span> <span class='ocrx_word' id='word_1_222' title='bbox 913 3271 1272 3326; x_wconf 72' lang='lat' dir='ltr'><strong>Occidentalis</strong></span> 
     </span>
     <span class='ocr_line' id='line_1_32' title="bbox 235 3349 1201 3423; baseline 0.001 -20"><span class='ocrx_word' id='word_1_223' title='bbox 235 3349 419 3405; x_wconf 63' lang='lat' dir='ltr'><strong>India</strong></span> <span class='ocrx_word' id='word_1_224' title='bbox 441 3351 616 3406; x_wconf 81' lang='lat' dir='ltr'><strong>insula</strong></span> <span class='ocrx_word' id='word_1_225' title='bbox 630 3391 647 3417; x_wconf 87' lang='lat'><strong>,</strong></span> <span class='ocrx_word' id='word_1_226' title='bbox 671 3352 860 3405; x_wconf 84' lang='lat' dir='ltr'><strong>Petrus</strong></span> <span class='ocrx_word' id='word_1_227' title='bbox 885 3351 1110 3423; x_wconf 69' lang='lat' dir='ltr'><strong>Martyr.</strong></span> <span class='ocrx_word' id='word_1_228' title='bbox 1131 3352 1201 3404; x_wconf 83' lang='lat' dir='ltr'><strong>H.</strong></span> 
     </span>
    </p>

    <p class='ocr_par' dir='ltr' id='par_1_9' title="bbox 219 3431 1270 3804">
     <span class='ocr_line' id='line_1_33' title="bbox 321 3431 1269 3501; baseline 0 -17"><span class='ocrx_word' id='word_1_229' title='bbox 321 3449 416 3501; x_wconf 89' lang='lat'><strong>70·</strong></span> <span class='ocrx_word' id='word_1_230' title='bbox 441 3431 758 3484; x_wconf 61' lang='lat' dir='ltr'><strong>Ptolemaeum</strong></span> <span class='ocrx_word' id='word_1_231' title='bbox 783 3432 1068 3484; x_wconf 75' lang='lat' dir='ltr'><strong>Lathurum.</strong></span> <span class='ocrx_word' id='word_1_232' title='bbox 1089 3431 1269 3484; x_wconf 76' lang='lat' dir='ltr'><strong>Delec.</strong></span> 
     </span>
     <span class='ocr_line' id='line_1_34' title="bbox 228 3509 1270 3583; baseline 0.002 -23"><span class='ocrx_word' id='word_1_233' title='bbox 228 3509 555 3563; x_wconf 80' lang='lat' dir='ltr'><strong>Ptolemoeum</strong></span> <span class='ocrx_word' id='word_1_234' title='bbox 578 3510 1270 3583; x_wconf 72' lang='lat' dir='ltr'><strong>Lathyrum.En.—Regum</strong></span> 
     </span>
     <span class='ocr_line' id='line_1_35' title="bbox 224 3590 1270 3662; baseline 0 -20"><span class='ocrx_word' id='word_1_235' title='bbox 224 3590 462 3661; x_wconf 74' lang='lat' dir='ltr'><strong>AEgypti</strong></span> <span class='ocrx_word' id='word_1_236' title='bbox 507 3591 624 3662; x_wconf 82' lang='lat' dir='ltr'><strong>ejus</strong></span> <span class='ocrx_word' id='word_1_237' title='bbox 667 3592 898 3645; x_wconf 87' lang='lat' dir='ltr'><strong>nominis</strong></span> <span class='ocrx_word' id='word_1_238' title='bbox 939 3590 1195 3662; x_wconf 79' lang='lat' dir='ltr'><strong>septimus</strong></span> <span class='ocrx_word' id='word_1_239' title='bbox 1224 3590 1270 3642; x_wconf 85' lang='lat' dir='ltr'><strong>is</strong></span> 
     </span>
     <span class='ocr_line' id='line_1_36' title="bbox 221 3669 1266 3741; baseline 0.002 -20"><span class='ocrx_word' id='word_1_240' title='bbox 221 3669 362 3723; x_wconf 77' lang='lat' dir='ltr'><strong>fuit.</strong></span> <span class='ocrx_word' id='word_1_241' title='bbox 389 3670 574 3724; x_wconf 77' lang='lat' dir='ltr'><strong>Refert</strong></span> <span class='ocrx_word' id='word_1_242' title='bbox 592 3671 702 3725; x_wconf 86' lang='lat' dir='ltr'><strong>hoc</strong></span> <span class='ocrx_word' id='word_1_243' title='bbox 719 3671 935 3724; x_wconf 85' lang='lat' dir='ltr'><strong>Solinus</strong></span> <span class='ocrx_word' id='word_1_244' title='bbox 953 3671 1152 3741; x_wconf 77' lang='lat' dir='ltr'><strong>pariter</strong></span> <span class='ocrx_word' id='word_1_245' title='bbox 1164 3669 1266 3723; x_wconf 88' lang='lat' dir='ltr'><strong>loc.</strong></span> 
     </span>
     <span class='ocr_line' id='line_1_37' title="bbox 219 3745 538 3804; baseline 0.006 -2"><span class='ocrx_word' id='word_1_246' title='bbox 219 3749 327 3803; x_wconf 82' lang='lat' dir='ltr'><strong>cit.</strong></span> <span class='ocrx_word' id='word_1_247' title='bbox 351 3745 538 3804; x_wconf 64' lang='lat' dir='ltr'><strong>Han.</strong></span> 
     </span>
    </p>

    <p class='ocr_par' dir='ltr' id='par_1_10' title="bbox 213 3826 1266 4060">
     <span class='ocr_line' id='line_1_38' title="bbox 315 3826 1264 3899; baseline 0 -17"><span class='ocrx_word' id='word_1_248' title='bbox 315 3845 354 3898; x_wconf 90' lang='lat'><em>7</em></span> <span class='ocrx_word' id='word_1_249' title='bbox 367 3847 421 3882; x_wconf 88' lang='lat'><strong>1.</strong></span> <span class='ocrx_word' id='word_1_250' title='bbox 472 3830 703 3899; x_wconf 75' lang='lat' dir='ltr'><strong>Quidam,</strong></span> <span class='ocrx_word' id='word_1_251' title='bbox 751 3829 1086 3892; x_wconf 74' lang='lat' dir='ltr'><strong>Aristoteles,</strong></span> <span class='ocrx_word' id='word_1_252' title='bbox 1131 3826 1264 3882; x_wconf 79' lang='lat' dir='ltr'><strong>Hist-</strong></span> 
     </span>
     <span class='ocr_line' id='line_1_39' title="bbox 215 3907 1266 3975; baseline 0 -15"><span class='ocrx_word' id='word_1_253' title='bbox 215 3907 425 3961; x_wconf 76' lang='lat' dir='ltr'><strong>Anim.</strong></span> <span class='ocrx_word' id='word_1_254' title='bbox 451 3907 547 3962; x_wconf 83' lang='lat' dir='ltr'><strong>lib.</strong></span> <span class='ocrx_word' id='word_1_255' title='bbox 575 3909 714 3962; x_wconf 84' lang='lat' dir='ltr'><strong>vm</strong></span> <span class='ocrx_word' id='word_1_256' title='bbox 731 3949 750 3975; x_wconf 88' lang='lat'>‚</span> <span class='ocrx_word' id='word_1_257' title='bbox 764 3909 970 3962; x_wconf 82' lang='lat' dir='ltr'><strong>etMela</strong></span> <span class='ocrx_word' id='word_1_258' title='bbox 991 3949 1006 3972; x_wconf 87' lang='lat'>‚</span> <span class='ocrx_word' id='word_1_259' title='bbox 1039 3909 1132 3962; x_wconf 86' lang='lat' dir='ltr'><strong>lib.</strong></span> <span class='ocrx_word' id='word_1_260' title='bbox 1155 3909 1266 3973; x_wconf 82' lang='lat'>111,</span> 
     </span>
     <span class='ocr_line' id='line_1_40' title="bbox 213 3987 1264 4060; baseline 0.001 -21"><span class='ocrx_word' id='word_1_261' title='bbox 213 4005 352 4058; x_wconf 73' lang='lat' dir='ltr'><strong>cap.</strong></span> <span class='ocrx_word' id='word_1_262' title='bbox 391 3989 425 4042; x_wconf 88' lang='lat'>8</span> <span class='ocrx_word' id='word_1_263' title='bbox 443 4005 458 4040; x_wconf 76' lang='lat' dir='ltr'><strong>t</strong></span> <span class='ocrx_word' id='word_1_264' title='bbox 477 4013 502 4036; x_wconf 71' lang='grc' dir='ltr'>ι</span> <span class='ocrx_word' id='word_1_265' title='bbox 535 3989 737 4052; x_wconf 70' lang='lat' dir='ltr'><strong>Finem,</strong></span> <span class='ocrx_word' id='word_1_266' title='bbox 766 3988 942 4060; x_wconf 85' lang='lat' dir='ltr'><strong>inquit</strong></span> <span class='ocrx_word' id='word_1_267' title='bbox 974 3989 1100 4053; x_wconf 85' lang='lat' dir='ltr'><strong>iste,</strong></span> <span class='ocrx_word' id='word_1_268' title='bbox 1126 3987 1264 4040; x_wconf 83' lang='lat' dir='ltr'><strong>inte-</strong></span> 
     </span>
    </p>

    <p class='ocr_par' dir='ltr' id='par_1_11' title="bbox 209 4066 1270 4141">
     <span class='ocr_line' id='line_1_41' title="bbox 209 4066 1270 4141; baseline 0 -21"><span class='ocrx_word' id='word_1_269' title='bbox 209 4067 346 4120; x_wconf 81' lang='lat' dir='ltr'><strong>rius</strong></span> <span class='ocrx_word' id='word_1_270' title='bbox 399 4066 660 4141; x_wconf 65' lang='lat' dir='ltr'><strong>Pygmaei,</strong></span> <span class='ocrx_word' id='word_1_271' title='bbox 693 4069 964 4122; x_wconf 85' lang='lat' dir='ltr'><strong>minutum</strong></span> <span class='ocrx_word' id='word_1_272' title='bbox 989 4085 1154 4139; x_wconf 75' lang='lat' dir='ltr'><strong>genus</strong></span> <span class='ocrx_word' id='word_1_273' title='bbox 1175 4105 1190 4136; x_wconf 91' lang='lat'>,</span> <span class='ocrx_word' id='word_1_274' title='bbox 1217 4080 1270 4120; x_wconf 88' lang='lat' dir='ltr'><strong>et</strong></span> 
     </span>
    </p>
   </div>
   <div class='ocr_carea' id='block_1_5' title="bbox 1353 2395 2389 4057">
    <p class='ocr_par' dir='ltr' id='par_1_12' title="bbox 1363 2395 1647 2451">
     <span class='ocr_line' id='line_1_42' title="bbox 1363 2395 1647 2451; baseline 0 0"><span class='ocrx_word' id='word_1_275' title='bbox 1363 2397 1515 2451; x_wconf 77' lang='lat' dir='ltr'><strong>ludes.</strong></span> <span class='ocrx_word' id='word_1_276' title='bbox 1540 2395 1647 2451; x_wconf 77' lang='lat' dir='ltr'><strong>En.</strong></span> 
     </span>
    </p>

    <p class='ocr_par' dir='ltr' id='par_1_13' title="bbox 1443 2475 2388 2551">
     <span class='ocr_line' id='line_1_43' title="bbox 1443 2475 2388 2551; baseline 0.005 -23"><span class='ocrx_word' id='word_1_277' title='bbox 1443 2476 1535 2548; x_wconf 83' lang='lat'><strong>73.</strong></span> <span class='ocrx_word' id='word_1_278' title='bbox 1560 2478 1646 2530; x_wconf 72' lang='lat' dir='ltr'><strong>Ex</strong></span> <span class='ocrx_word' id='word_1_279' title='bbox 1664 2478 1850 2550; x_wconf 75' lang='lat' dir='ltr'><strong>quibus.</strong></span> <span class='ocrx_word' id='word_1_280' title='bbox 1896 2475 2135 2532; x_wconf 84' lang='lat' dir='ltr'><strong>chifflet.</strong></span> <span class='ocrx_word' id='word_1_281' title='bbox 2153 2497 2187 2530; x_wconf 78' lang='lat' dir='ltr'><strong><em>a</em></strong></span> <span class='ocrx_word' id='word_1_282' title='bbox 2201 2479 2388 2551; x_wconf 78' lang='lat' dir='ltr'><strong>quibus.</strong></span> 
     </span>
    </p>

    <p class='ocr_par' dir='ltr' id='par_1_14' title="bbox 1360 2557 2389 3024">
     <span class='ocr_line' id='line_1_44' title="bbox 1450 2557 2389 2613; baseline 0.003 -4"><span class='ocrx_word' id='word_1_283' title='bbox 1450 2575 1503 2609; x_wconf 76' lang='grc' dir='ltr'><strong>ι.</strong></span> <span class='ocrx_word' id='word_1_284' title='bbox 1540 2557 1601 2609; x_wconf 75' lang='lat' dir='ltr'><strong>In</strong></span> <span class='ocrx_word' id='word_1_285' title='bbox 1630 2577 1719 2610; x_wconf 80' lang='lat' dir='ltr'><strong>ora</strong></span> <span class='ocrx_word' id='word_1_286' title='bbox 1758 2569 1934 2610; x_wconf 78' lang='lat' dir='ltr'><strong>autem.</strong></span> <span class='ocrx_word' id='word_1_287' title='bbox 1962 2558 2026 2608; x_wconf 87' lang='lat' dir='ltr'><strong>In</strong></span> <span class='ocrx_word' id='word_1_288' title='bbox 2054 2575 2151 2610; x_wconf 74' lang='lat' dir='ltr'><strong>ora</strong></span> <span class='ocrx_word' id='word_1_289' title='bbox 2184 2559 2389 2613; x_wconf 71' lang='lat' dir='ltr'><strong>scilieet</strong></span> 
     </span>
     <span class='ocr_line' id='line_1_45' title="bbox 1363 2633 2389 2708; baseline 0.002 -19"><span class='ocrx_word' id='word_1_290' title='bbox 1363 2635 1651 2706; x_wconf 67' lang='lat' dir='ltr'><strong>AEthiopiae</strong></span> <span class='ocrx_word' id='word_1_291' title='bbox 1674 2673 1690 2697; x_wconf 85' lang='lat'><strong>,</strong></span> <span class='ocrx_word' id='word_1_292' title='bbox 1734 2639 1885 2706; x_wconf 84' lang='lat' dir='ltr'><strong>cujus</strong></span> <span class='ocrx_word' id='word_1_293' title='bbox 1912 2633 2086 2707; x_wconf 76' lang='lat' dir='ltr'><strong>capite</strong></span> <span class='ocrx_word' id='word_1_294' title='bbox 2114 2639 2389 2708; x_wconf 81' lang='lat' dir='ltr'><strong>superiore</strong></span> 
     </span>
     <span class='ocr_line' id='line_1_46' title="bbox 1361 2715 2385 2778; baseline 0.003 -9"><span class='ocrx_word' id='word_1_295' title='bbox 1361 2716 1501 2770; x_wconf 77' lang='lat' dir='ltr'><strong>facta</strong></span> <span class='ocrx_word' id='word_1_296' title='bbox 1520 2717 1723 2768; x_wconf 86' lang='lat' dir='ltr'><strong>mentio</strong></span> <span class='ocrx_word' id='word_1_297' title='bbox 1741 2728 1845 2778; x_wconf 86' lang='lat' dir='ltr'><strong>est,</strong></span> <span class='ocrx_word' id='word_1_298' title='bbox 1868 2715 1953 2768; x_wconf 86' lang='lat' dir='ltr'><strong>his</strong></span> <span class='ocrx_word' id='word_1_299' title='bbox 1974 2715 2150 2768; x_wconf 79' lang='lat' dir='ltr'><strong>verbis</strong></span> <span class='ocrx_word' id='word_1_300' title='bbox 2162 2734 2179 2768; x_wconf 71' lang='grc' dir='ltr'><em>τ</em></span> <span class='ocrx_word' id='word_1_301' title='bbox 2207 2743 2229 2764; x_wconf 75' lang='grc' dir='ltr'>ι</span> <span class='ocrx_word' id='word_1_302' title='bbox 2246 2716 2385 2772; x_wconf 81' lang='lat' dir='ltr'><strong>Hinc</strong></span> 
     </span>
     <span class='ocr_line' id='line_1_47' title="bbox 1361 2794 2386 2866; baseline 0 -18"><span class='ocrx_word' id='word_1_303' title='bbox 1361 2795 1417 2848; x_wconf 87' lang='lat' dir='ltr'><strong>in</strong></span> <span class='ocrx_word' id='word_1_304' title='bbox 1441 2811 1536 2848; x_wconf 84' lang='lat' dir='ltr'><strong>ora</strong></span> <span class='ocrx_word' id='word_1_305' title='bbox 1558 2795 1876 2866; x_wconf 69' lang='lat' dir='ltr'><strong>AEthiopin,</strong></span> <span class='ocrx_word' id='word_1_306' title='bbox 1914 2808 2013 2848; x_wconf 87' lang='lat' dir='ltr'><strong>etc.</strong></span> <span class='ocrx_word' id='word_1_307' title='bbox 2043 2819 2065 2840; x_wconf 76' lang='grc' dir='ltr'>ι</span> <span class='ocrx_word' id='word_1_308' title='bbox 2100 2794 2279 2848; x_wconf 85' lang='lat' dir='ltr'><strong>littore</strong></span> <span class='ocrx_word' id='word_1_309' title='bbox 2304 2796 2386 2848; x_wconf 90' lang='lat' dir='ltr'><strong>ni·</strong></span> 
     </span>
     <span class='ocr_line' id='line_1_48' title="bbox 1360 2873 2385 2944; baseline 0.002 -17"><span class='ocrx_word' id='word_1_310' title='bbox 1360 2874 1561 2927; x_wconf 82' lang='lat' dir='ltr'><strong>mirum</strong></span> <span class='ocrx_word' id='word_1_311' title='bbox 1602 2874 1747 2927; x_wconf 87' lang='lat' dir='ltr'><strong>sinus</strong></span> <span class='ocrx_word' id='word_1_312' title='bbox 1785 2873 2037 2938; x_wconf 72' lang='lat' dir='ltr'><strong>Arabici,</strong></span> <span class='ocrx_word' id='word_1_313' title='bbox 2061 2873 2225 2944; x_wconf 81' lang='lat' dir='ltr'><strong>paulo</strong></span> <span class='ocrx_word' id='word_1_314' title='bbox 2254 2875 2385 2929; x_wconf 80' lang='lat' dir='ltr'><strong>citra</strong></span> 
     </span>
     <span class='ocr_line' id='line_1_49' title="bbox 1362 2953 2123 3024; baseline -0.001 -17"><span class='ocrx_word' id='word_1_315' title='bbox 1362 2953 1629 3024; x_wconf 77' lang='lat' dir='ltr'><strong>angustias</strong></span> <span class='ocrx_word' id='word_1_316' title='bbox 1648 2965 1704 3006; x_wconf 87' lang='lat' dir='ltr'><strong>et</strong></span> <span class='ocrx_word' id='word_1_317' title='bbox 1728 2953 1911 3005; x_wconf 73' lang='lat' dir='ltr'><strong>Dii-en.</strong></span> <span class='ocrx_word' id='word_1_318' title='bbox 1940 2953 2123 3006; x_wconf 75' lang='lat' dir='ltr'><strong>Hnm.</strong></span> 
     </span>
    </p>

    <p class='ocr_par' dir='ltr' id='par_1_15' title="bbox 1353 3031 2389 4057">
     <span class='ocr_line' id='line_1_50' title="bbox 1447 3031 2386 3102; baseline -0.001 -17"><span class='ocrx_word' id='word_1_319' title='bbox 1447 3053 1474 3085; x_wconf 79' lang='lat'>2</span> <span class='ocrx_word' id='word_1_320' title='bbox 1485 3072 1498 3087; x_wconf 93' lang='lat'><strong>.</strong></span> <span class='ocrx_word' id='word_1_321' title='bbox 1526 3031 1759 3085; x_wconf 72' lang='lat' dir='ltr'><strong>Continui</strong></span> <span class='ocrx_word' id='word_1_322' title='bbox 1774 3043 1967 3084; x_wconf 78' lang='lat' dir='ltr'><strong>montes.</strong></span> <span class='ocrx_word' id='word_1_323' title='bbox 1989 3033 2072 3085; x_wconf 78' lang='lat' dir='ltr'><strong>Ab</strong></span> <span class='ocrx_word' id='word_1_324' title='bbox 2087 3031 2173 3085; x_wconf 83' lang='lat' dir='ltr'><strong>his</strong></span> <span class='ocrx_word' id='word_1_325' title='bbox 2190 3050 2386 3102; x_wconf 80' lang='lat' dir='ltr'><strong>cogno-</strong></span> 
     </span>
     <span class='ocr_line' id='line_1_51' title="bbox 1361 3109 2382 3183; baseline -0.001 -17"><span class='ocrx_word' id='word_1_326' title='bbox 1361 3129 1485 3166; x_wconf 86' lang='lat' dir='ltr'><strong>men</strong></span> <span class='ocrx_word' id='word_1_327' title='bbox 1532 3112 1704 3165; x_wconf 79' lang='lat' dir='ltr'><strong>Rubri</strong></span> <span class='ocrx_word' id='word_1_328' title='bbox 1744 3111 1904 3166; x_wconf 78' lang='lat' dir='ltr'><strong>maris</strong></span> <span class='ocrx_word' id='word_1_329' title='bbox 1944 3125 2128 3166; x_wconf 82' lang='lat' dir='ltr'><strong>ortum</strong></span> <span class='ocrx_word' id='word_1_330' title='bbox 2165 3109 2382 3183; x_wconf 80' lang='lat' dir='ltr'><strong>quidam</strong></span> 
     </span>
     <span class='ocr_line' id='line_1_52' title="bbox 1360 3188 2382 3262; baseline -0.002 -17"><span class='ocrx_word' id='word_1_331' title='bbox 1360 3191 1602 3245; x_wconf 79' lang='lat' dir='ltr'><strong>arbitrati</strong></span> <span class='ocrx_word' id='word_1_332' title='bbox 1632 3203 1755 3245; x_wconf 86' lang='lat' dir='ltr'><strong>sunt</strong></span> <span class='ocrx_word' id='word_1_333' title='bbox 1771 3228 1788 3256; x_wconf 88' lang='lat'><strong>,</strong></span> <span class='ocrx_word' id='word_1_334' title='bbox 1812 3203 1946 3244; x_wconf 80' lang='lat' dir='ltr'><strong>teste</strong></span> <span class='ocrx_word' id='word_1_335' title='bbox 1965 3188 2382 3262; x_wconf 76' lang='lat' dir='ltr'><strong>Agatharchide,</strong></span> 
     </span>
     <span class='ocr_line' id='line_1_53' title="bbox 1355 3269 2382 3342; baseline 0 -19"><span class='ocrx_word' id='word_1_336' title='bbox 1355 3270 1451 3324; x_wconf 86' lang='lat' dir='ltr'><strong>lib.</strong></span> <span class='ocrx_word' id='word_1_337' title='bbox 1480 3269 1549 3324; x_wconf 82' lang='lat' dir='ltr'><strong>de</strong></span> <span class='ocrx_word' id='word_1_338' title='bbox 1572 3271 1758 3323; x_wconf 79' lang='lat' dir='ltr'><strong>Rubro</strong></span> <span class='ocrx_word' id='word_1_339' title='bbox 1778 3271 1943 3330; x_wconf 75' lang='lat' dir='ltr'><strong>mari.</strong></span> <span class='ocrx_word' id='word_1_340' title='bbox 1976 3289 2090 3341; x_wconf 81' lang='lat' dir='ltr'><strong>cap.</strong></span> <span class='ocrx_word' id='word_1_341' title='bbox 2124 3288 2187 3336; x_wconf 76' lang='lat'><strong>²3</strong></span> <span class='ocrx_word' id='word_1_342' title='bbox 2236 3269 2382 3342; x_wconf 79' lang='lat' dir='ltr'><strong>apud</strong></span> 
     </span>
     <span class='ocr_line' id='line_1_54' title="bbox 1357 3347 2379 3421; baseline -0.001 -17"><span class='ocrx_word' id='word_1_343' title='bbox 1357 3351 1519 3405; x_wconf 79' lang='lat' dir='ltr'><strong>Phot.</strong></span> <span class='ocrx_word' id='word_1_344' title='bbox 1538 3349 1597 3403; x_wconf 87' lang='lat' dir='ltr'><strong>in</strong></span> <span class='ocrx_word' id='word_1_345' title='bbox 1614 3347 1885 3404; x_wconf 82' lang='lat' dir='ltr'><strong>Bihl.cod.</strong></span> <span class='ocrx_word' id='word_1_346' title='bbox 1910 3348 2042 3413; x_wconf 79' lang='lat'><strong>250,</strong></span> <span class='ocrx_word' id='word_1_347' title='bbox 2065 3366 2185 3421; x_wconf 72' lang='lat' dir='ltr'><strong>pag.</strong></span> <span class='ocrx_word' id='word_1_348' title='bbox 2214 3350 2379 3416; x_wconf 75' lang='lat'>1231,</span> 
     </span>
     <span class='ocr_line' id='line_1_55' title="bbox 1355 3421 2380 3500; baseline -0.002 -16"><span class='ocrx_word' id='word_1_349' title='bbox 1355 3432 1432 3484; x_wconf 76' lang='grc' dir='ltr'><strong>ὅτι</strong></span> <span class='ocrx_word' id='word_1_350' title='bbox 1472 3434 1558 3483; x_wconf 80' lang='grc' dir='ltr'><strong>τοῦ</strong></span> <span class='ocrx_word' id='word_1_351' title='bbox 1594 3421 1809 3500; x_wconf 68' lang='grc' dir='ltr'>Ᾰραὸἱου</span> <span class='ocrx_word' id='word_1_352' title='bbox 1840 3431 2135 3499; x_wconf 72' lang='grc' dir='ltr'><strong>καλουμένου</strong></span> <span class='ocrx_word' id='word_1_353' title='bbox 2160 3430 2341 3482; x_wconf 70' lang='grc' dir='ltr'>κὸλπῡυ</span> <span class='ocrx_word' id='word_1_354' title='bbox 2364 3467 2380 3492; x_wconf 91' lang='grc'><em>,</em></span> 
     </span>
     <span class='ocr_line' id='line_1_56' title="bbox 1357 3507 2377 3582; baseline -0.001 -19"><span class='ocrx_word' id='word_1_355' title='bbox 1357 3521 1455 3563; x_wconf 85' lang='lat' dir='ltr'><strong>etc.</strong></span> <span class='ocrx_word' id='word_1_356' title='bbox 1503 3535 1527 3556; x_wconf 76' lang='grc' dir='ltr'>ι</span> <span class='ocrx_word' id='word_1_357' title='bbox 1561 3507 1711 3582; x_wconf 82' lang='lat' dir='ltr'><strong>quod</strong></span> <span class='ocrx_word' id='word_1_358' title='bbox 1748 3509 1895 3561; x_wconf 86' lang='lat' dir='ltr'><strong>sinus</strong></span> <span class='ocrx_word' id='word_1_359' title='bbox 1928 3507 2143 3560; x_wconf 80' lang='lat' dir='ltr'><strong>Arabici</strong></span> <span class='ocrx_word' id='word_1_360' title='bbox 2172 3520 2377 3562; x_wconf 87' lang='lat' dir='ltr'><strong>montes</strong></span> 
     </span>
     <span class='ocr_line' id='line_1_57' title="bbox 1355 3585 2379 3654; baseline 0.002 -14"><span class='ocrx_word' id='word_1_361' title='bbox 1355 3607 1539 3643; x_wconf 74' lang='lat' dir='ltr'><strong>vei-sus</strong></span> <span class='ocrx_word' id='word_1_362' title='bbox 1562 3606 1803 3642; x_wconf 79' lang='lat' dir='ltr'><strong>occasum</strong></span> <span class='ocrx_word' id='word_1_363' title='bbox 1830 3588 1919 3642; x_wconf 84' lang='lat' dir='ltr'><strong>siti</strong></span> <span class='ocrx_word' id='word_1_364' title='bbox 1936 3626 1953 3654; x_wconf 87' lang='lat'>‚</span> <span class='ocrx_word' id='word_1_365' title='bbox 1997 3585 2128 3640; x_wconf 88' lang='lat' dir='ltr'><strong>dum</strong></span> <span class='ocrx_word' id='word_1_366' title='bbox 2154 3603 2299 3640; x_wconf 81' lang='lat' dir='ltr'><strong>acres</strong></span> <span class='ocrx_word' id='word_1_367' title='bbox 2324 3601 2379 3642; x_wconf 84' lang='lat' dir='ltr'><strong>et</strong></span> 
     </span>
     <span class='ocr_line' id='line_1_58' title="bbox 1356 3664 2375 3740; baseline -0.001 -19"><span class='ocrx_word' id='word_1_368' title='bbox 1356 3668 1501 3740; x_wconf 79' lang='lat' dir='ltr'><strong>ignei</strong></span> <span class='ocrx_word' id='word_1_369' title='bbox 1537 3669 1664 3721; x_wconf 87' lang='lat' dir='ltr'><strong>solis</strong></span> <span class='ocrx_word' id='word_1_370' title='bbox 1690 3666 1826 3720; x_wconf 84' lang='lat' dir='ltr'><strong>radii</strong></span> <span class='ocrx_word' id='word_1_371' title='bbox 1866 3685 1955 3721; x_wconf 86' lang='lat' dir='ltr'><strong>eos</strong></span> <span class='ocrx_word' id='word_1_372' title='bbox 1994 3664 2222 3730; x_wconf 81' lang='lat' dir='ltr'><strong>feriunt,</strong></span> <span class='ocrx_word' id='word_1_373' title='bbox 2262 3685 2375 3720; x_wconf 79' lang='lat' dir='ltr'><strong>car-</strong></span> 
     </span>
     <span class='ocr_line' id='line_1_59' title="bbox 1353 3744 2378 3818; baseline -0.002 -16"><span class='ocrx_word' id='word_1_374' title='bbox 1353 3748 1512 3802; x_wconf 82' lang='lat' dir='ltr'><strong>bonis</strong></span> <span class='ocrx_word' id='word_1_375' title='bbox 1538 3749 1768 3818; x_wconf 83' lang='lat' dir='ltr'><strong>speciem</strong></span> <span class='ocrx_word' id='word_1_376' title='bbox 1794 3765 1855 3799; x_wconf 86' lang='lat' dir='ltr'><strong>ac</strong></span> <span class='ocrx_word' id='word_1_377' title='bbox 1875 3744 2273 3799; x_wconf 79' lang='lat' dir='ltr'><strong>similitudinem</strong></span> <span class='ocrx_word' id='word_1_378' title='bbox 2300 3765 2378 3800; x_wconf 82' lang='lat' dir='ltr'><strong>re-</strong></span> 
     </span>
     <span class='ocr_line' id='line_1_60' title="bbox 1353 3825 2387 3885; baseline -0.004 -3"><span class='ocrx_word' id='word_1_379' title='bbox 1353 3829 1580 3885; x_wconf 75' lang='lat' dir='ltr'><strong>ferunt:</strong></span> <span class='ocrx_word' id='word_1_380' title='bbox 1614 3825 1683 3880; x_wconf 78' lang='lat' dir='ltr'><strong>ad</strong></span> <span class='ocrx_word' id='word_1_381' title='bbox 1724 3838 1909 3879; x_wconf 83' lang='lat' dir='ltr'><strong>ortum</strong></span> <span class='ocrx_word' id='word_1_382' title='bbox 1948 3843 2073 3879; x_wconf 78' lang='lat' dir='ltr'><strong>vero</strong></span> <span class='ocrx_word' id='word_1_383' title='bbox 2114 3841 2288 3878; x_wconf 60' lang='lat' dir='ltr'><strong>arena</strong></span> <span class='ocrx_word' id='word_1_384' title='bbox 2325 3837 2387 3878; x_wconf 83' lang='lat' dir='ltr'><strong>et·</strong></span> 
     </span>
     <span class='ocr_line' id='line_1_61' title="bbox 1355 3905 2373 3979; baseline -0.004 -19"><span class='ocrx_word' id='word_1_385' title='bbox 1355 3906 1521 3979; x_wconf 66' lang='lat' dir='ltr'><strong>glebo</strong></span> <span class='ocrx_word' id='word_1_386' title='bbox 1548 3907 1800 3960; x_wconf 82' lang='lat' dir='ltr'><strong>rubentes</strong></span> <span class='ocrx_word' id='word_1_387' title='bbox 1828 3905 2050 3969; x_wconf 87' lang='lat' dir='ltr'><strong>tumuli,</strong></span> <span class='ocrx_word' id='word_1_388' title='bbox 2082 3915 2186 3958; x_wconf 85' lang='lat' dir='ltr'><strong>etc.</strong></span> <span class='ocrx_word' id='word_1_389' title='bbox 2213 3930 2237 3951; x_wconf 72' lang='grc' dir='ltr'>ι</span> <span class='ocrx_word' id='word_1_390' title='bbox 2268 3905 2373 3957; x_wconf 76' lang='lat' dir='ltr'><strong>Ha-</strong></span> 
     </span>
     <span class='ocr_line' id='line_1_62' title="bbox 1353 3983 2389 4057; baseline -0.004 -18"><span class='ocrx_word' id='word_1_391' title='bbox 1353 3987 1446 4040; x_wconf 82' lang='lat' dir='ltr'><strong>l&gt;et</strong></span> <span class='ocrx_word' id='word_1_392' title='bbox 1457 3985 1693 4057; x_wconf 84' lang='lat' dir='ltr'><strong>idipsum</strong></span> <span class='ocrx_word' id='word_1_393' title='bbox 1718 3986 1913 4040; x_wconf 83' lang='lat' dir='ltr'><strong>Strabo</strong></span> <span class='ocrx_word' id='word_1_394' title='bbox 1931 4023 1947 4050; x_wconf 89' lang='lat'><strong>,</strong></span> <span class='ocrx_word' id='word_1_395' title='bbox 1962 3983 2059 4037; x_wconf 86' lang='lat' dir='ltr'><strong>lib.</strong></span> <span class='ocrx_word' id='word_1_396' title='bbox 2078 3983 2209 4037; x_wconf 86' lang='lat' dir='ltr'><strong>XVI</strong></span> <span class='ocrx_word' id='word_1_397' title='bbox 2220 4023 2236 4048; x_wconf 86' lang='lat'><em>,</em></span> <span class='ocrx_word' id='word_1_398' title='bbox 2252 4001 2389 4056; x_wconf 54' lang='lat' dir='ltr'><strong>pag„</strong></span> 
     </span>
    </p>
   </div>
   <div class='ocr_carea' id='block_1_6' title="bbox 1361 4063 2113 4268">
    <p class='ocr_par' dir='ltr' id='par_1_16' title="bbox 1361 4063 2113 4268">
     <span class='ocr_line' id='line_1_63' title="bbox 1361 4063 1699 4138; baseline 0.003 -21"><span class='ocrx_word' id='word_1_399' title='bbox 1361 4083 1494 4138; x_wconf 87' lang='lat'><strong>779.</strong></span> <span class='ocrx_word' id='word_1_400' title='bbox 1517 4063 1699 4118; x_wconf 78' lang='lat' dir='ltr'><strong>Hnm.</strong></span> 
     </span>
     <span class='ocr_line' id='line_1_64' title="bbox 1988 4157 2113 4268; baseline 0 -10"><span class='ocrx_word' id='word_1_401' title='bbox 1988 4157 2113 4268; x_wconf 79' lang='grc' dir='ltr'><strong>ίι73</strong></span> 
     </span>
    </p>
   </div>
  </div>
 </body>
</html>
