2950 5017
1122 472 1203 540 C.
1255 471 1597 541 PLINII
1642 471 2171 540 NAT.1118T.

586 605 849 674 Persico
884 625 1129 673 cxxxv
1172 627 1252 672 Μ.
1294 605 1445 673 Huc
1478 605 1794 673 convenit
1827 601 2224 699 utrumque²
2229 589 2577 693 ⁵bivium‚
2614 631 2722 675 eo·

586 737 737 780 rum
761 709 873 804 qui
897 707 1003 778 et²
1006 694 1239 803 ⁶Syria
1264 708 1620 778 Palmiram
1650 711 1935 804 petiere,
1963 724 2031 779 et
2053 735 2286 840 eost-um
2306 711 2524 805 quiab
2543 713 2727 781 Gaza

520 837 551 893 4
589 829 936 886 venerunt.
986 815 1046 883 A
1104 818 1299 884 Petra
1364 814 1734 885 incoluere²
1739 815 1762 856 ⁷
1829 803 2149 886 Omani²⁸
2210 817 2296 886 ad
2351 817 2726 888 Characem

584 948 826 1018 usque,
852 919 1113 1016 oppidis
1135 921 1473 1015 quondam
1502 919 1696 992 claris
1717 923 2198 992 aSemiramide
2211 922 2528 1011 conditis,
2556 923 2730 992 Abe-

586 1026 898 1100 samide²⁹
938 1041 1005 1096 et
1054 1029 1369 1096 Soractia.
1411 1030 1614 1098 Nunc
1655 1042 1812 1098 sunt
1851 1028 2259 1098 solitudines.
2315 977 2580 1099 Deinde
2635 1042 2732 1097 est

587 1130 946 1255 oppidum‘,
988 1133 1171 1262 quod
1224 1133 1772 1204 Characenorum
1819 1137 1962 1229 regi
2005 1149 2232 1230 paret,
2281 1134 2350 1203 in
2394 1137 2732 1228 Pasitigris

588 1245 767 1337 ripa,
798 1224 1113 1370 Forasth⁰
1148 1242 1453 1327 nomine,
1474 1241 1544 1309 in
1569 1240 1749 1335 quod
1778 1265 1817 1308 a
1852 1244 2050 1310 Petra
2079 1242 2524 1311 conveniunt:
2550 1241 2732 1309 Cha·

588 1331 979 1441 racemque³
988 1344 1192 1414 ¹inde
1235 1369 1340 1415 xn
1376 1371 1461 1416 Μ.
1501 1370 1818 1442 passuum
1861 1347 2154 1417 secundo
2195 1361 2360 1416 aestu
2389 1349 2728 1441 navigant.

586 1458 645 1523 E
678 1453 991 1522 Parthico
1031 1436 1315 1521 autem³²
1351 1477 1560 1546 regno
1595 1453 2061 1547 navigantibus
2101 1456 2286 1523 vicus
2317 1453 2632 1583 Teredon
2647 1437 2730 1533 33,

590 1545 829 1630 infra³⁴
870 1557 1317 1627 confluentem
1370 1559 1735 1653 Euphratis
1777 1572 1845 1628 et
1879 1560 2094 1689 Tigris
2112 1613 2133 1646 ‚
2175 1543 2402 1628 laeva³⁵
2445 1558 2731 1627 fluminis

522 1688 553 1742 5
590 1664 886 1736 Chaldaei
916 1663 1254 1751 obtinent,
1280 1663 1514 1733 dextra
1547 1649 1953 1734 Nomades³⁶
1986 1666 2284 1735 Scenitae.
2328 1664 2627 1754 Quidam
2669 1678 2733 1732 et

590 1772 714 1841 alia
745 1771 882 1840 duo
918 1769 1162 1865 oppida
1193 1768 1449 1900 longis3
1452 1769 1816 1840 intervallis
1850 1757 2096 1865 Tigri³⁷
2128 1772 2568 1865 praenavigari
2602 1785 2730 1839 tra·

589 1880 792 1964 dunt,
819 1875 1233 1963 Barbatiam,
1256 1861 1449 1944 mox³
1452 1861 1951 1946 ⁸Tzhumatam
1991 1876 2172 1971 quod
2207 1877 2438 1947 abesse
2465 1901 2510 1946 a
2541 1879 2732 1946 Petra

590 470 727 568 708

590 2110 755 2166 modo
781 2108 1062 2164 intervallo
1089 2106 1323 2161 distaret.
1360 2108 1544 2173 Quare
1567 2107 1626 2162 in

1798 2131 1887 2176 ²7·
1937 2109 2198 2163 motum.
2245 2111 2554 2182 Dalecamp.
2605 2115 2730 2164 ineo·

588 2208 844 2262 germano
910 2187 1053 2240 illius
1118 2185 1447 2259 designando
1519 2187 1624 2240 situ

1713 2189 1921 2242 luerunt.
1951 2187 2062 2242 En.

592 2269 1043 2341 Geographorum
1078 2267 1271 2337 vulgus
1312 2278 1486 2333 errat,
1515 2267 1624 2318 Ta·

591 2350 837 2420 bulaeque
857 2364 1043 2400 omnes
1058 2385 1075 2413 ‚
1100 2365 1219 2417 quai
1245 2346 1417 2400 littori
1438 2357 1622 2399 nostro

593 2429 819 2500 propius
848 2425 1167 2490 admovent,
1200 2443 1231 2478 a
1254 2425 1467 2479 Persico
1502 2427 1626 2478 lon·

593 2509 806 2581 gissime
830 2517 1101 2561 revocant.
1122 2504 1303 2558 Han.
1324 2535 1403 2546 —
1426 2505 1486 2557 si
1513 2523 1626 2558 non

593 2589 755 2643 fuerit
812 2586 1011 2658 duplex
1068 2585 1226 2638 Petra
1247 2624 1264 2647 ,
1323 2583 1417 2636 hic
1486 2597 1628 2638 certe

594 2667 795 2720 turbati
822 2679 949 2720 sunt
984 2665 1233 2730 numeri,
1262 2675 1317 2716 et
1348 2663 1628 2717 restituen-

595 2747 727 2801 dum
768 2773 793 2794 ι
814 2765 845 2798 3
874 2745 1019 2800 Gaza
1032 2783 1047 2797 .
1066 2779 1081 2796 .
1100 2784 1114 2797 .

596 2828 805 2880 Persico
830 2843 902 2877 nc
932 2842 1003 2877 x.
1041 2849 1064 2870 a·
1086 2861 1103 2890 ‚

596 2906 891 2970 cellarius,
937 2902 1105 2973 Geog.
1152 2902 1319 2972 antiq.
1371 2901 1466 2954 lib.
1509 2901 1594 2954 111
1612 2940 1629 2967 ,

596 3005 717 3057 pag.
745 2987 859 3047 418
878 3022 894 3049 ,
924 2997 977 3037 et
995 2982 1184 3045 Suaw,
1210 2982 1473 3050 Voyagts‚
1497 2992 1628 3034 tom.

599 3066 692 3130 11,
732 3082 851 3135 pag.
894 3064 985 3126 45.
1022 3059 1173 3115 Nihil
1204 3060 1438 3125 mutavi,
1478 3059 1632 3130 quod

600 3143 818 3215 quidam
855 3140 1055 3196 eruditi
1084 3140 1191 3193 viri
1224 3141 1415 3193 volunt
1451 3137 1634 3212 dupli-

601 3242 719 3277 cem
748 3223 905 3276 fuisse
928 3222 1159 3274 Petram.
1197 3221 1268 3272 Et
1302 3220 1360 3272 in
1397 3218 1633 3272 secundo

601 3321 830 3356 numero
856 3300 1055 3356 diversi
1082 3310 1206 3352 sunt
1230 3299 1373 3352 libri.
1408 3299 1477 3351 In
1511 3299 1631 3352 MS.

602 3385 734 3452 Reg.
760 3403 822 3447 α,
847 3399 1014 3434 cxxxv
1044 3397 1112 3432 κ.
1152 3379 1219 3430 In
1251 3377 1366 3431 MS.
1396 3379 1530 3448 Reg.
1567 3397 1590 3430 1
1611 3411 1630 3441 ‚

602 3479 789 3517 cxxxu
842 3478 907 3513 Μ.
954 3461 1020 3511 In
1065 3457 1303 3511 editione
1350 3456 1628 3530 principe,

602 3559 751 3594 cxxn
774 3557 840 3593 Μ.
866 3541 1035 3592 Βειοτ.

689 3621 781 3673 25.
843 3619 1106 3689 Utrumque
1166 3616 1356 3670 bivium.
1426 3617 1634 3670 Eorum

604 3699 804 3752 seilicet
836 3699 930 3770 qui
959 3696 1157 3751 Eorath
1174 3735 1189 3760 ,
1220 3709 1273 3750 et
1310 3696 1632 3762 Characem,

602 3779 857 3850 littusque
879 3777 1078 3831 Persici
1102 3775 1261 3828 maris
1282 3788 1520 3846 petentes
1538 3815 1553 3842 ‚
1581 3787 1636 3829 et

604 3858 757 3928 Syria
802 3857 1088 3910 Palmiram
1143 3857 1496 3927 praten-gressi
1515 3893 1532 3920 ‚
1580 3867 1634 3908 et

602 3937 671 3990 ab
694 3937 835 3990 Gaza
863 3937 991 3990 illuc
1011 3953 1225 3988 venere.
1251 3935 1435 3988 Han.

686 4019 773 4069 26.
808 4017 885 4068 Ee
926 4015 1073 4082 Syria
1112 4015 1399 4068 palmiram.
1446 4015 1626 4068 Daiec.

602 4094 761 4164 &ria
780 4096 1084 4159 Palngrram.
1112 4096 1219 4148 En.

1147 2759 1319 2797 cxxxv
1346 2759 1418 2796 Μ.
1445 2761 1475 2794 a
1507 2743 1629 2796 sinu

1142 2835 1199 2876 ut
1237 2826 1345 2893 jam
1372 2840 1630 2875 monuere

1797 2270 1889 2322 28.
1939 2267 2137 2321 omani.
2179 2269 2266 2320 Ab
2305 2269 2570 2322 Omanitis
2613 2269 2732 2322 Pto·

1711 2348 1883 2402 lemaei
1903 2387 1919 2414 ,
1953 2347 2022 2400 de
2051 2347 2249 2418 quibus
2289 2348 2545 2414 iuferius,
2579 2350 2732 2420 longe

1713 2428 1773 2481 hi
1836 2427 1944 2480 situ
1995 2425 2396 2499 disjunctissimi
2417 2467 2434 2495 ‚
2485 2441 2731 2500 utrosque

1712 2507 2070 2578 nequicquam
2097 2505 2460 2562 confunde-te
2479 2508 2696 2562 ortelio.

1799 2605 1900 2655 ²9·
1923 2587 2244 2645 Abannae.
2271 2601 2375 2642 etc.
2415 2587 2730 2641 chiffletian.

1715 2667 1986 2720 Besanm‘sa
2011 2679 2060 2718 et
2087 2665 2314 2720 Soractia
2333 2687 2462 2720 nnnc
2483 2681 2598 2720 sunt
2626 2667 2734 2720 sofi-

1719 2745 1924 2799 mdt’nes.
1951 2747 2056 2799 En.

1800 2827 1888 2878 30.
1909 2825 2118 2878 For-ath.
2147 2823 2329 2879 Chiffl.
2359 2825 2512 2884 Foro.
2538 2827 2642 2880 En.

1801 2903 1832 2955 3
1845 2923 1867 2957 1
1881 2945 1896 2959 .
1924 2906 2278 2978 Chamcemque
2295 2905 2424 2959 inde.
2451 2906 2572 2960 Vet.
2592 2903 2730 2978 apud

1718 2983 1898 3038 Dalec.
1925 2985 2208 3038 Characeni.
2230 2985 2368 3038 Inde.
2396 2985 2502 3038 En.

1771 3123 1779 3131 ,
1801 3063 1896 3118 32.
1924 3064 2122 3117 Autem.
2145 3065 2324 3116 Dalec.
2347 3067 2490 3118 enim
2509 3063 2610 3116 En.

1803 3143 1895 3196 33.
1931 3143 2166 3196 Teredon.
2201 3139 2432 3214 Τιρηδὸν
2465 3142 2702 3197 Straboni
2715 3180 2732 3207 ,

1720 3222 1814 3275 lib.
1857 3223 2028 3289 XVI,
2067 3241 2187 3294 pag.
2229 3223 2363 3294 765.
2403 3223 2548 3277 Situs
2577 3219 2730 3276 hodie

1720 3300 2012 3372 ignoratur.
2040 3303 2146 3354 En.

1803 3381 1896 3446 34.
1923 3383 2066 3449 Infra
2087 3381 2414 3452 confluentum.
2441 3381 2586 3434 Infra
2611 3398 2726 3432 euna

1719 3461 1896 3514 locum
1913 3499 1930 3527 ‚
1967 3462 2062 3514 nbi
2099 3462 2422 3533 restagnatio
2457 3459 2726 3532 Euphratis

1720 3557 1845 3593 cum
1869 3539 2021 3612 Tigri
2045 3540 2286 3594 confluit.
2309 3541 2496 3594 Banu.

1805 3619 1900 3673 35.
1935 3621 2326 3692 Loevaflumim's.
2349 3621 2538 3673 Latere
2559 3616 2725 3671 flumi-

1719 3699 1806 3752 nis
1837 3700 2052 3752 sinistro
2065 3735 2080 3758 ,
2111 3699 2246 3754 facie
2275 3698 2344 3752 ad
2375 3713 2604 3753 austrum
2635 3695 2726 3748 ob·

1723 3797 1889 3832 versa.
1917 3779 2108 3831 Hann-

1801 3857 1892 3910 36.
1920 3857 2166 3912 Nomades
2189 3857 2418 3914 Sea-sea.
2443 3859 2522 3910 De
2546 3855 2724 3927 quihus

1723 3935 1920 3990 dictum
1949 3952 2028 3991 est
2055 3939 2319 4008 proxime.
2345 3937 2522 3992 Han.

1801 4017 1894 4086 37.
1927 4017 2086 4087 Tigri.
2105 4017 2287 4072 Dalec.
2319 4014 2611 4089 Tigri-ulin-

1803 4095 1894 4150 38.
1921 4097 2044 4150 Mos
2075 4097 2392 4164 Thur-amn.
2425 4109 2522 4151 etc.
2549 4089 2716 4147 Chim.
