2950 5017
571 413 712 507 774
1407 416 1549 482 DE
1597 415 1829 486 SITU

565 550 745 586 mense
776 531 989 604 primo,
1026 529 1133 583 hoe
1159 542 1266 599 est,
1301 549 1483 588 mense
1508 533 1706 596 Nisan,
1740 546 1868 601 aut,
1897 534 1941 588 si
1969 532 2130 602 vidit,
2162 547 2365 606 septem
2398 533 2587 588 saltem
2618 535 2704 592 vel

563 632 686 674 octo
709 637 916 673 menses
941 618 1000 674 in
1027 618 1287 673 Paradiso
1313 621 1510 691 egisse3
1538 621 1685 694 quod
1709 641 1895 676 vereor
1922 635 1983 676 ut
2004 623 2286 695 quisquam
2312 625 2533 695 probet.

633 712 890 778 brigandi
921 708 1085 780 igitur
1122 708 1444 764 vocabulum
1475 707 1545 764 de
1570 710 1789 765 sinuoso
1822 728 1922 783 per
1962 729 2183 784 campos
2226 731 2387 768 cursu
2414 712 2573 768 fluvii
2606 711 2709 766 boo

563 797 682 850 loco
705 795 1109 867 intelligendum
1135 811 1242 862 αἱς
1266 797 1491 869 perinde
1516 810 1678 870 atque
1706 799 1835 864 isto,
1856 800 2021 854 Josne
2040 841 2057 867 ,
2083 819 2219 864 xm,
2244 821 2273 856 a
2288 839 2304 864 ,
2330 801 2423 856 uhi
2446 821 2625 856 sermo
2648 804 2711 856 de

566 896 800 938 torrente
816 885 1038 960 AEgypti
1053 897 1130 939 est
1145 925 1161 949 ‚
1187 885 1280 958 qui
1303 896 1355 938 et
1373 886 1570 952 Sehor3
1594 885 1793 942 «fluvio
1811 887 2050 952 turbido,
2063 889 2158 960 qui
2176 889 2363 962 irrigat
2376 892 2713 964 Egyptian.-

563 974 632 1026 Et
649 975 787 1028 Gen.
807 991 936 1041 ³:111,
963 993 1026 1028 ιο
1047 993 1062 1027 :
1087 1001 1111 1020 α
1128 974 1356 1028 Elevatis
1377 975 1557 1049 itaque
1578 977 1680 1029 Lot
1698 976 1868 1030 oculis
1886 976 2021 1036 vidis
2036 997 2257 1032 omnem
2274 977 2419 1032 cirea
2438 978 2713 1050 regionem

561 1062 816 1115 sardania
832 1100 849 1126 ,
877 1081 996 1134 quae
1021 1063 1274 1117 universa
1303 1063 1628 1136 irrigabatur
1643 1105 1659 1132 ,
1680 1077 1963 1143 antequam
1993 1067 2321 1122 subverteret
2344 1067 2644 1122 Sodomam
2664 1079 2717 1120 et

563 1149 914 1203 Gomorrham
934 1189 950 1215 ,
985 1151 1121 1205 sicut
1159 1151 1439 1206 paradisus
1475 1153 1720 1217 Domini,
1749 1166 1799 1208 et
1826 1155 1963 1208 sicut
1988 1157 2270 1230 AEgyptus.
2288 1181 2314 1200 ι-
2352 1156 2431 1208 Ut
2458 1155 2712 1212 sententia

563 1238 628 1290 sit
647 1278 664 1303 ,
701 1237 1163 1310 quemadmodum
1199 1239 1326 1292 Nilo
1360 1244 1656 1314 AEgyptus,
1685 1253 1739 1294 et
1771 1240 2011 1295 paradisi
2045 1244 2197 1297 locus
2237 1243 2418 1316 primo
2470 1241 2717 1297 Iordanis

563 1345 724 1380 cursu
747 1365 765 1393 ,
803 1326 878 1380 sio
915 1327 1156 1381 fontibus
1181 1327 1418 1402 rivisque
1443 1329 1626 1382 multis
1662 1329 1755 1382 illa
1795 1331 1915 1382 Loti
1942 1330 2113 1383 oculis
2147 1330 2502 1403 objiciebatur
2520 1369 2537 1394 ,
2570 1330 2715 1402 regio

565 1425 676 1467 tota
702 1413 1052 1486 irrigabatun
1087 1435 1224 1488 quos
1255 1415 1343 1469 illa
1382 1417 1468 1469 vel
1500 1417 1559 1470 in
1585 1417 1875 1471 Jordanem
1913 1419 2201 1478 emitteret,
2239 1419 2323 1472 vel
2357 1419 2525 1471 etiam
2562 1419 2716 1471 variis

563 1500 762 1556 divisos
787 1503 1063 1556 canalibus
1089 1505 1340 1558 ebiberet.
1367 1505 1452 1559 Sic
1472 1505 1617 1560 enim
1635 1505 1843 1559 Plinius
1865 1507 2185 1561 Damascum
2204 1507 2365 1567 dicit,
2384 1509 2463 1571 V,
2498 1509 2562 1560 16
2582 1528 2599 1560 ι
2621 1525 2718 1560 -ex

562 1602 722 1662 epoto
751 1591 918 1664 riguis
945 1609 1105 1646 amne
1129 1592 1503 1666 Chrysorrhoa
1530 1593 1780 1646 fertilem.
1796 1619 1822 1640 n
1848 1593 1925 1646 Ut
1950 1605 2012 1647 nt
2040 1606 2119 1648 est
2132 1635 2151 1660 ‚
2170 1593 2380 1666 rigandi
2398 1595 2632 1648 verbum
2656 1613 2717 1646 eo

562 1697 724 1751 quem
751 1678 986 1733 diximus
1017 1699 1181 1734 sensu
1207 1681 1404 1752 accipit
1440 1680 1725 1736 manifeste
1751 1683 2001 1756 vulgatus
2027 1683 2328 1756 Interpres,
2356 1683 2530 1736 Ecoli.
2560 1701 2717 1746 xxiv,

565 1773 631 1830 41
649 1805 668 1830 ,
697 1775 763 1832 ⁴³
787 1784 803 1820 :
828 1793 856 1814 c
869 1767 984 1840 Ego
1009 1769 1262 1842 sapientia
1281 1769 1454 1824 effudi
1474 1768 1715 1824 flumina.
1744 1771 1859 1842 Ego
1878 1771 2033 1842 quasi
2054 1783 2253 1825 trames
2278 1789 2429 1844 aquo
2450 1773 2719 1827 inmens:

564 1853 636 1908 de
663 1853 828 1910 fluvio
847 1893 864 1922 ,
887 1875 988 1929 ego
1011 1857 1166 1930 quasi
1187 1857 1340 1913 fluvii
1355 1856 1547 1930 dioryx
1564 1898 1582 1922 ,
1606 1870 1661 1912 et
1686 1858 1825 1912 sicut
1839 1859 2183 1931 aqueductus
2203 1859 2341 1914 exivi
2358 1858 2433 1912 de
2449 1859 2717 1914 Paradiao.

564 1944 712 1998 Dixi:
727 1944 934 2016 Rigabo
948 1946 1171 2003 hortum
1192 1963 1370 2000 meum
1386 1945 1791 2018 plantationum,
1808 1960 1860 2000 et
1875 1948 2151 2000 inebriabo
2168 1949 2307 2022 prati
2318 1948 2425 2005 mei
2443 1948 2721 2002 fructum.-

636 2035 947 2084 Paradisum.
973 2035 1093 2086 Jam
1134 2051 1196 2086 ex
1231 2034 1314 2088 his
1343 2051 1466 2104 quae
1495 2031 1636 2088 dicta
1668 2045 1797 2088 aunt
1824 2032 2083 2090 hactenus
2116 2034 2185 2089 de
2220 2035 2369 2090 fonte
2396 2047 2451 2088 et
2481 2035 2553 2089 de
2577 2035 2723 2090 fluvii

565 2137 779 2190 egressu
800 2119 870 2174 ad
887 2121 1212 2194 irrigandum
1231 2120 1545 2176 Paradisum
1561 2162 1578 2189 ,
1598 2135 1651 2176 et
1670 2123 1739 2176 de
1759 2124 1881 2176 loco
1906 2123 2193 2196 voluptatis
2209 2161 2225 2188 ,
2250 2137 2500 2178 constare
2518 2123 2722 2198 liquido

567 2207 914 2277 arbitramur,
941 2209 1259 2264 Paradisum
1287 2210 1365 2264 ibi
1388 2211 1550 2264 situm
1582 2210 1777 2275 fuisse,
1806 2212 1902 2264 ubi
1924 2231 2077 2266 nunc
2098 2212 2318 2265 Tabulae
2343 2213 2721 2286 Geographioe

567 2297 784 2350 AEnnon
813 2297 1064 2352 exhibent
1092 2297 1160 2351 ad
1187 2297 1472 2352 Jordanem
1499 2299 1554 2351 in
1580 2298 1828 2362 Galilaea,
1856 2313 1947 2352 aut
1968 2315 2113 2356 certe
2140 2301 2197 2354 in
2220 2301 2433 2354 vicinia.
2462 2301 2597 2375 Ejus
2620 2300 2721 2354 loci

569 2386 771 2439 mentio
802 2397 882 2439 est
905 2387 1064 2440 Joan.
1094 2403 1166 2441 ιιι
1184 2424 1201 2451 ,
1233 2386 1336 2440 23:
1364 2387 1528 2440 «Erat
1552 2399 1731 2442 antem
1763 2399 1818 2440 et
1839 2389 2074 2443 ‚loannes
2094 2389 2371 2462 baptizans
2392 2391 2451 2442 in
2476 2393 2720 2452 AEuuou,

566 2476 720 2542 juxta
740 2474 906 2527 Salim
929 2493 944 2527 ε
968 2475 1096 2548 quia
1125 2493 1278 2547 aquae
1303 2473 1487 2528 multo
1512 2485 1665 2528 erant
1694 2475 1819 2528 illic.
1835 2501 1863 2522 a·
1892 2476 1998 2530 Sed
2018 2476 2095 2530 ibi
2121 2477 2285 2532 fuisse
2308 2478 2625 2532 Paradisum
2652 2478 2721 2530 ita

571 2561 802 2616 dicimus
818 2601 836 2629 ,
862 2573 922 2616 ut
946 2575 1228 2635 utramque
1253 2574 1434 2616 tamen
1458 2563 1715 2618 Jordanis
1746 2565 1926 2636 ipsum
1950 2568 2274 2638 permeantis
2298 2567 2471 2639 ripam
2500 2585 2723 2636 occupa-

573 2662 675 2704 ret.
712 2653 851 2705 Nam
891 2662 945 2704 et
980 2652 1038 2704 in
1062 2652 1282 2724 regione
1317 2650 1525 2705 Galaad
1540 2687 1561 2716 ,
1585 2671 1705 2724 qua
1732 2665 1812 2706 est
1844 2673 1911 2707 ex
1936 2653 2161 2708 adverso
2186 2659 2405 2709 AEnnon
2422 2694 2441 2721 ,
2480 2657 2538 2708 in
2566 2655 2726 2708 laten

573 2740 837 2794 Orientali
882 2741 1136 2794 Jordanis
1157 2778 1174 2804 ,
1221 2740 1386 2794 fuisse
1423 2739 1765 2804 Paradisum,
1792 2742 1947 2797 nobis
1975 2760 2133 2814 pane
2172 2743 2401 2796 suadent
2436 2743 2557 2796 hee
2589 2743 2725 2797 Osee

573 2828 846 2900 propbeta
867 2828 1059 2890 verba,
1088 2847 1178 2889 vr,
1216 2847 1283 2899 7,
1306 2829 1340 2881 8
1355 2867 1371 2893 ,
1394 2826 1465 2880 de
1488 2827 1739 2882 Israelitis
1760 2845 1777 2880 ε
1808 2853 1835 2876 ι
1849 2829 1957 2901 Ipsi
1984 2841 2163 2883 autem
2186 2830 2327 2884 sient
2346 2829 2525 2884 Adam
2554 2843 2721 2884 mns-

573 2917 738 2988 gressi
759 2927 886 2971 sunt
903 2927 1114 2987 paetum
1138 2955 1153 2975 ‚
1179 2915 1258 2968 ibi
1283 2915 1398 2981 (ubi
1421 2915 1675 2968 nimirum
1696 2916 1871 2970 Adam
1891 2917 2221 2988 peccaverat)
2242 2917 2581 2992 prevaricati
2606 2929 2725 2972 sunt

573 3007 630 3060 in
652 3024 758 3060 me.
781 3004 992 3059 Galaad
1017 3004 1207 3058 civitas
1229 3003 1565 3074 operantium
1587 3004 1793 3058 idolum
1812 3043 1829 3070 ,
1843 3031 1873 3052 ι
1896 3015 1997 3059 etc.

647 3091 871 3146 Henocb
893 3091 1209 3145 translatum
1233 3091 1398 3145 fuisse
1426 3094 1478 3143 in
1507 3096 1801 3144 Paradisum
1820 3093 1979 3148 Sacer
2004 3091 2249 3166 scriptor
2264 3093 2535 3158 affirmat,
2563 3093 2723 3148 Facti.

576 3201 708 3237 xnv
725 3219 742 3247 ,
769 3185 832 3236 16
851 3219 867 3246 ,
888 3200 1002 3235 non
1025 3193 1202 3234 tamen
1228 3179 1284 3233 in
1311 3191 1613 3234 terrestmm
1638 3181 1797 3235 istum
1820 3199 1835 3234 ε
1860 3181 2063 3253 alioqui
2086 3199 2197 3235 non
2222 3181 2493 3234 diceretur
2508 3200 2545 3235 a
2566 3181 2724 3235 Paulo

574 3270 865 3325 translatus
884 3311 900 3335 ,
933 3289 1000 3322 ne
1019 3273 1221 3322 videret
1259 3283 1490 3336 mortem,
1513 3269 1675 3324 Hebr-
1703 3287 1761 3322 x1
1781 3307 1797 3334 ,
1824 3269 1885 3334 ⁵,
1920 3287 2079 3338 quam
2118 3269 2306 3342 utiquo
2342 3269 2543 3324 diluvii
2578 3269 2725 3343 aquis

575 3359 804 3414 obrutus
831 3357 1074 3429 effugere
1097 3375 1208 3409 non
1234 3356 1516 3427 potuisset3
1542 3355 1637 3412 sod
1663 3356 1719 3410 in
1743 3356 1931 3410 oaelum
1954 3357 2165 3428 ipsum;
2187 3375 2300 3411 non
2322 3356 2545 3430 quidem
2570 3371 2636 3411 ut
2650 3354 2723 3409 ibi

573 3450 686 3520 jam
721 3463 873 3500 nune
915 3445 1148 3499 calitum
1181 3443 1512 3500 beatitudine
1552 3445 1892 3517 perh-namn
1926 3444 2023 3498 sed
2063 3457 2124 3499 ut
2146 3445 2225 3499 ibi
2259 3445 2411 3500 vivat
2446 3463 2623 3518 nsque
2658 3443 2723 3498 ad

579 3553 889 3610 supremum
926 3530 1118 3607 judieii
1159 3531 1304 3586 diem
1322 3574 1339 3600 ,
1365 3551 1476 3606 quo
1512 3533 1603 3588 die
1634 3532 1847 3606 placide
1878 3533 2164 3599 morietur,
2200 3545 2254 3586 et
2278 3551 2405 3587 mox
2447 3551 2724 3606 resurges

577 3621 963 3677 immutabitur.
999 3622 1137 3675 Nam
1165 3621 1259 3693 qui
1287 3633 1571 3694 opponunt
1594 3621 1653 3674 in
1686 3639 1865 3694 groco
1886 3622 2187 3694 exemplari
2210 3640 2322 3675 non
2343 3622 2451 3694 legi
2474 3621 2585 3676 hoe
2612 3641 2725 3676 var-

577 3711 706 3766 bum
724 3749 740 3774 ,
757 3712 808 3761 ἰη
827 3711 1118 3761 Paradisum
1131 3745 1149 3772 ,
1167 3708 1210 3760 ii
1229 3709 1388 3763 tacite
1413 3707 1839 3763 additamentum
1858 3710 2106 3782 spurium
2126 3706 2400 3780 irrepsisse
2418 3721 2654 3782 arguunt
2668 3710 2723 3762 in

577 3796 863 3852 editionem
889 3795 1165 3866 vulgatam
1185 3813 1202 3848 ε
1230 3795 1289 3849 id
1311 3796 1459 3868 quod
1482 3795 1589 3851 dici
1611 3797 1856 3870 profecto
1875 3797 1993 3851 sine
2016 3797 2166 3869 gravi
2199 3797 2363 3869 eulpa
2388 3817 2501 3851 non
2522 3809 2723 3871 potest,

576 3886 680 3938 hoo
705 3895 810 3946 est,
855 3881 967 3935 aine
1003 3894 1310 3956 contemptu
1347 3883 1493 3937 illius
1536 3884 1847 3957 Interpretis
1862 3920 1877 3947 ,
1914 3902 2073 3958 quem
2110 3901 2281 3938 unum
2306 3884 2547 3940 Eoelesia
2580 3903 2723 3938 nune

575 3971 932 4029 commendat.

649 4087 672 4110 «ι
693 4061 804 4128 Qui
841 4059 970 4114 inde
1005 4059 1268 4116 dividitur
1301 4063 1360 4114 in
1401 4063 1865 4135 quatuor'eapita.
1884 4089 1910 4108 ··
1944 4061 2223 4115 Paradisns
2250 4062 2444 4134 ntique
2482 4075 2591 4126 est,
2614 4081 2717 4116 non
