2950 5017
755 461 1256 531 PARAms1
1319 459 1985 530 TERREsTms.
2028 497 2049 512 ·
2301 461 2445 556 789

297 591 443 635 certe
463 580 660 652 dignus
685 591 984 634 memoratu
999 617 1018 646 ,
1043 579 1308 652 siquidem
1333 579 1604 653 neglectus
1623 599 1653 633 a
1674 577 1851 634 Plinio
1868 591 1974 645 est,
1999 592 2117 632 tum
2139 580 2267 652 quia
2284 597 2447 653 quam

301 671 480 724 uoue-
505 668 782 731 nominat,
808 687 872 724 ea
897 669 1074 724 vicina
1101 679 1210 736 est,
1233 684 1296 724 ut
1322 667 1589 732 diximus,
1616 668 1936 742 AEtbiopio‚
1966 668 2057 722 cui
2082 668 2231 724 Cbus
2252 667 2451 722 flevilia

300 769 456 830 pater
476 775 674 810 nomen
699 755 863 810 dedit.
884 757 1148 824 Alterius,
1175 755 1287 812 sive
1311 757 1507 830 prioris
1534 757 1773 821 Heriloe,
1794 757 2001 810 mentio
2022 751 2129 818 est,
2156 755 2293 810 Gen.
2316 775 2452 822 xxV,

305 847 402 910 18,
421 843 516 899 ubi
536 843 608 898 de
631 843 856 898 Isnaele
879 843 1140 917 scriptum
1167 856 1281 899 est.
1307 844 1624 900 «Habitavit
1640 855 1816 898 autem
1838 844 1907 897 ab
1926 842 2113 898 Hevila
2131 863 2303 916 nsque
2318 843 2454 917 Sur,

299 951 420 1006 quo
447 931 963 1007 respicitAEgyptum
977 933 1374 987 introeuntibus
1391 933 1715 1007 Assyrios,-
1744 933 1859 986 sive
1884 931 1941 985 iu
1959 931 2149 986 itinere
2170 931 2241 986 ad
2263 935 2447 987 Assur.

299 1021 372 1075 Et
389 1021 517 1096 fleg.
545 1040 594 1084 ι,
623 1027 716 1086 15,
738 1039 810 1092 7.
847 1021 1254 1094 :Percussitque
1269 1020 1397 1076 seul
1421 1023 1641 1077 Amalec
1660 1022 1729 1075 ab
1749 1020 1972 1086 Herila,
1992 1019 2165 1074 donec
2180 1023 2361 1075 venias
2381 1019 2453 1076 ad

297 1109 568 1164 desertum
599 1111 704 1165 Sur
720 1147 737 1175 ,
773 1128 894 1182 quo
920 1121 998 1164 est
1023 1129 1054 1164 e
1078 1111 1296 1184 regione
1321 1111 1560 1186 Egypti.
1576 1137 1603 1158 ι·
1628 1111 1767 1166 Nam
1798 1112 1913 1166 hoo
1938 1109 2126 1164 Hevila
2154 1111 2257 1165 sita
2292 1109 2455 1164 fuisse

295 1196 518 1252 videtur
531 1197 698 1252 latere
718 1197 1054 1252 meridionali
1069 1197 1234 1252 Haris
1255 1198 1454 1254 mortui
1472 1235 1490 1264 ,
1508 1197 1621 1254 sive
1638 1199 1789 1254 lacus
1804 1199 2129 1272 Asphaltitn.
2148 1197 2255 1252 Sed
2276 1195 2458 1252 verius

297 1284 655 1351 arbitramur,
683 1285 754 1339 ab
779 1285 975 1340 Herila
1003 1283 1118 1338 filio
1154 1286 1340 1340 Jectan
1372 1286 1511 1339 nulli
1551 1283 1740 1341 datum
1767 1305 1881 1340 esse
1906 1286 2115 1360 regioni
2138 1303 2337 1340 nomen
2358 1323 2375 1350 ‚
2403 1299 2459 1340 et

295 1371 442 1425 banc
467 1371 686 1426 aliunde
709 1371 1122 1444 appellationem
1147 1391 1265 1426 eam
1292 1373 1557 1444 accepisse
1580 1389 1595 1426 ε
1625 1373 1772 1447 quod
1794 1373 1884 1428 ille
1908 1391 2022 1427 non
2056 1373 2183 1428 alibi
2206 1391 2367 1448 quam
2398 1373 2453 1428 in

297 1471 440 1516 terra
463 1460 714 1516 orientali
731 1498 748 1526 ,
784 1462 878 1515 nbi
907 1463 1080 1520 Messa
1105 1474 1214 1528 est,
1245 1479 1371 1516 cum
1397 1475 1548 1534 patre
1584 1462 1847 1518 habitasse
1874 1463 2152 1531 videatur,
2188 1482 2359 1538 usque
2385 1463 2455 1518 ad

295 1549 687 1623 profectionem
709 1549 766 1602 in
791 1562 990 1604 terram
1015 1551 1274 1605 Sennaar.

375 1643 471 1693 vhe·
501 1645 720 1694 πασάων
752 1660 944 1695 aurum.
995 1641 1075 1695 De
1110 1659 1243 1695 auro
1279 1641 1483 1695 Arabiae
1524 1642 1673 1697 testis
1704 1655 1783 1696 est
1822 1659 1962 1695 unus
1999 1643 2167 1697 instar
2206 1645 2453 1698 omnium

295 1729 474 1784 David
491 1767 508 1794 ,
529 1729 666 1784 Psal.
699 1749 830 1785 nxxr
850 1769 866 1794 ,
895 1749 985 1793 10,
1018 1731 1082 1785 15
1103 1749 1118 1784 τ
1147 1757 1174 1777 α
1193 1731 1362 1800 Reges
1389 1729 1623 1783 Arabum
1658 1741 1713 1783 et
1738 1730 1879 1784 Saba
1906 1729 2051 1784 dona
2073 1729 2452 1786 adducent.....

295 1817 368 1870 Et
393 1817 608 1872 dabitur
635 1819 684 1871 ei
705 1819 776 1873 de
803 1837 936 1872 auro
961 1819 1222 1874 Arabio.»
1241 1818 1386 1873 Vide
1413 1831 1465 1872 et
1488 1817 1684 1872 Ezecb.
1708 1839 1863 1873 xxvn
1880 1859 1896 1885 ‚
1920 1837 1985 1872 at
2005 1859 2022 1886 ,
2051 1839 2132 1872 aa.
2158 1821 2453 1892 vulgatum

293 1907 646 1978 interpretem
671 1907 836 1961 veluti
857 1906 1044 1962 divino
1065 1906 1306 1960 afflatum
1335 1907 1559 1960 numine
1582 1907 1771 1962 eredas
1790 1907 2096 1980 prasagisse
2116 1907 2295 1962 animo
2317 1910 2459 1976 sore,

295 2005 360 2047 ut
384 1994 668 2048 Phisonem
705 1995 869 2068 aliqui
899 1995 958 2048 in
987 1995 1134 2067 Tigri
1159 2005 1472 2067 quererent.
1498 1997 1647 2062 Quos
1680 2008 1742 2049 ut
1766 1997 1834 2048 ab
1868 2013 1931 2048 eo
1961 2013 2143 2049 errore
2172 2008 2452 2061 avocaret,

295 2083 512 2156 scripsit
537 2083 608 2138 de
629 2085 886 2138 sententia
907 2083 1073 2136 Motis
1089 2120 1104 2147 ,
1135 2086 1228 2135 ma·
1249 2085 1471 2138 neset’tm·
1494 2103 1669 2136 aarum
1678 2105 1702 2146 ,-
1728 2101 1799 2138 ne
1818 2083 1889 2138 de
1908 2083 2084 2156 Tigris
2106 2083 2285 2138 littore
2306 2086 2453 2158 cogi·

293 2181 505 2239 tarent,
529 2172 622 2225 ubi
648 2189 838 2224 aurum
867 2189 979 2224 non
1005 2169 1155 2243 gigni
1185 2171 1240 2222 in
1268 2171 1513 2224 confesso
1536 2183 1632 2224 est.

373 2279 458 2314 ι’.
491 2265 570 2313 1ὸὶ
599 2266 838 2316 invenitur
868 2263 1116 2313 bdellium.
1153 2263 1232 2314 De
1256 2259 1456 2316 bdellio
1486 2260 1718 2322 Plinius,
1745 2260 1887 2323 ΧΠ,
1920 2275 1983 2328 ι9
2016 2281 2030 2313 =
2072 2259 2449 2314 quellium...

293 2349 538 2404 nascitur
557 2359 608 2402 et
637 2349 693 2401 in
727 2348 951 2411 Arabia,
980 2346 1270 2419 Indiaque,
1297 2361 1348 2400 et
1367 2347 1573 2412 Media,
1596 2359 1650 2400 et
1675 2348 1965 2420 Babylone.
1988 2373 2015 2392 ι»
2041 2347 2263 2401 Gummi
2284 2365 2455 2420 genus

204 2485 213 2493 .
292 2449 399 2501 est,
429 2436 616 2510 quod’
601 2455 658 2489 m
681 2435 909 2489 officinis
935 2433 1130 2497 bodie,
1157 2446 1218 2486 ut
1235 2434 1476 2506 plerique
1500 2435 1825 2498 existiment,
1848 2437 2067 2487 t’Am‘me
2086 2447 2455 2507 nuncupatur.

365 2539 433 2586 Et
447 2537 596 2602 lapis.
613 2533 902 2596 Hebraice,
888 2535 1073 2634 ,ἶβις
1092 2535 1263 2586 beben.
1281 2533 1416 2598 Quo
1435 2551 1537 2586 vox
1558 2533 1776 2605 proprie
1788 2531 2046 2606 lapidem,
2072 2546 2167 2588 aut
2180 2531 2447 2605 lapideum

289 2629 588 2705 quidlibet,
611 2649 722 2682 non
750 2647 1050 2702 gemmam,
1073 2627 1324 2702 designat.

366 2721 657 2786 Onyclu‘nus.
671 2717 875 2770 Plinius
893 2717 1152 2782 XXXVI,
1180 2736 1201 2770 1
1214 2735 1270 2771 a:
1293 2717 1609 2790 «Onycbem
1630 2717 1789 2771 etiam
1805 2729 1920 2770 tum
1948 2719 2004 2771 in
2024 2716 2233 2772 Arabia
2254 2719 2450 2772 monti-

287 2807 392 2860 bus
409 2844 426 2872 ,
455 2825 556 2861 nec
591 2823 813 2878 usquam
844 2803 1006 2858 aliubi
1024 2842 1041 2870 ‚
1068 2805 1218 2858 nasci
1245 2815 1501 2877 putavere
1527 2805 1693 2857 nostri
1719 2815 1942 2859 veteres.
1963 2832 1987 2850 ι·
2014 2805 2080 2858 Et
2104 2807 2268 2877 paulo
2294 2817 2447 2877 post,

287 2908 520 2950 crateras
536 2932 553 2961 ,
581 2893 866 2966 unguentis
890 2891 1222 2946 asservandis
1246 2905 1427 2966 aptos,
1457 2911 1522 2945 ex
1549 2911 1612 2945 eo
1638 2893 1821 2966 lapide
1849 2891 2193 2948 commendat
2212 2931 2227 2958 ,
2254 2896 2445 2967 priscis

288 2983 618 3054 temporibus
643 3009 668 3029 «
687 3001 750 3035 ex
779 2982 977 3035 Arabia
1005 2993 1214 3034 tantum
1244 2979 1440 3035 advehi
1469 2981 1666 3035 solitos.
1690 3008 1715 3028 ι»
1737 2983 1924 3048 Quum
1960 2994 2139 3036 autem
2176 2983 2364 3037 bdellii
2394 2996 2446 3037 et

286 3071 546 3145 onychini
583 3068 780 3142 lapidis
801 3069 1000 3122 mentio
1032 3068 1122 3124 hic
1148 3069 1208 3121 fit
1228 3107 1243 3133 ,
1276 3080 1328 3123 et
1360 3086 1587 3122 «aurum
1616 3080 1769 3123 terrm
1804 3068 1947 3124 illius
1973 3070 2239 3142 optimum
2260 3095 2283 3118 ι
2329 3089 2441 3126 esse

287 3157 644 3233 predicatur,
680 3176 792 3212 non
821 3169 932 3211 tam
969 3157 1114 3212 illius
1143 3172 1299 3212 terro
1317 3195 1335 3221 ,
1361 3175 1526 3230 quam
1549 3159 1821 3230 ipsiusmet
1852 3157 2137 3213 Pala-stine
2154 3200 2171 3226 ,
2200 3177 2263 3213 ea
2293 3178 2445 3213 com-

287 3247 564 3302 mendatio
599 3258 708 3313 est,
739 3265 858 3320 quae
901 3247 1002 3300 sita
1037 3247 1112 3300 ibi
1155 3265 1267 3300 esse
1309 3245 1534 3312 dicitur,
1560 3245 1708 3302 unde
1738 3247 2027 3320 negotiatio
2061 3247 2301 3321 expedita
2344 3267 2445 3302 nee

285 3336 440 3408 longi
466 3333 668 3388 itineris
687 3333 742 3386 in
764 3332 1050 3387 ditissimas
1065 3335 1382 3407 provincias·
1397 3335 1481 3388 sit.
1506 3335 1759 3407 Alioquin
1780 3335 1923 3389 enim
1952 3353 2205 3408 quorsum
2236 3336 2445 3389 Arabiae

285 3435 342 3478 et
363 3422 652 3496 AEtbiopio
673 3433 819 3475 tanta
841 3421 1146 3494 pradicatio
1167 3441 1200 3476 a
1218 3424 1370 3476 Mose
1391 3422 1543 3476 fieret
1559 3462 1575 3489 ,
1600 3435 1651 3476 et
1674 3423 1779 3476 hoc
1797 3423 2090 3496 presertim
2116 3424 2237 3477 loco
2253 3423 2279 3476 ἓ

285 3606 319 3672 5
351 3604 404 3656 6.
429 3603 713 3670 Explicatio
741 3619 912 3652 versus
939 3601 1072 3652 tertii
1106 3601 1288 3652 decimi
1304 3620 1322 3650 .·
1360 3623 1382 3646 ι
1400 3605 1470 3651 Ee
1494 3619 1669 3652 nomen
1683 3603 1839 3670 fluvii
1860 3604 2063 3653 secundi
2086 3623 2104 3654 .·
2138 3603 2243 3670 ipse‘
2260 3615 2338 3653 ese
2362 3605 2455 3670 qui

861 3691 1093 3738 circumit
1117 3706 1310 3738 omnem
1334 3701 1519 3739 terram
1539 3689 1827 3756 AEtlu‘opioe.
1852 3715 1879 3734 ι.

355 3837 508 3891 Prius
528 3849 608 3890 est
623 3833 768 3888 istud
789 3853 820 3889 e
839 3833 1051 3888 duobus
1068 3835 1314 3906 superius
1331 3854 1360 3887 a
1384 3833 1560 3888 Plinio
1578 3835 1885 3888 memoratis
1900 3833 2241 3896 fluminibus,
2256 3839 2443 3900 flumen

283 3929 497 3978 Salsum
528 3921 694 3988 Quod
723 3939 922 3975 nomen
947 3941 1056 3976 non
1079 3921 1399 3995 adjectivum
1425 3935 1540 3989 est,
1573 3939 1606 3976 a
1642 3921 1955 3978 salsitudine
1984 3921 2281 3977 derivatum
2300 3963 2317 3988 ,
2344 3925 2439 3980 sed

283 4013 564 4086 proprium
582 4030 646 4065 ac
661 4010 906 4065 barbaro
923 4010 1500 4083 originationis31eque
1520 4021 1681 4082 atque
1696 4011 1791 4064 ille
1804 4049 1818 4074 ,
1839 4012 1933 4084 qui
1958 4023 2036 4065 est
2054 4011 2109 4064 in
2128 4011 2411 4068 Carmania
2427 4055 2443 4080 ,

282 4101 462 4157 vicina
492 4099 694 4155 Persidi
723 4100 975 4172 regione,
1005 4101 1178 4154 amnis
1201 4103 1401 4167 Sakos,
1423 4099 1569 4173 apud
1594 4099 1847 4154 eumdem
1864 4137 1881 4165 ,
1922 4101 2037 4162 vl,
2081 4101 2166 4156 28.
2202 4101 2367 4156 Unde
2405 4120 2440 4157 a

1980 4187 2114 4272 50³
