2950 5017
1019 452 1338 521 LIBER
1394 452 1546 519 111.
2265 448 2347 519 31

203 569 662 655 Latinorum³⁵
667 584 942 715 ,MRegia
977 586 1278 671 Carissa,
1313 583 1719 679 cognomine
1761 579 2071 652 Aurelia.
2122 583 2365 677 Urgia,

201 692 676 785 cognominata
685 676 1068 761 ³⁶Castrum
1089 688 1375 761 Julium:
1401 692 1563 759 item
1579 691 1861 761 Caesaris
1878 687 2365 759 Salutariensis

203 797 694 893 stipendiaria:
723 800 972 867 Besaro
985 782 1036 837 ³⁷
1041 796 1398 893 ‚Belipp0,
1429 795 1819 877 Barbesula,
1858 797 2199 926 Lacippo,
2226 800 2365 865 13ae-

203 908 422 1000 sippo,
465 903 720 989 Callet,
747 906 1184 1000 Cappagum,
1213 902 1562 991 Oleastr0,
1590 905 1847 989 Itucci,
1882 888 2190 989 Brana³⁸,
2234 906 2365 976 La-

205 1013 359 1095 cibi,
391 1014 760 1106 Saguntia,
805 1011 1170 1081 Andorisae.

299 1122 516 1187 Porro
534 1117 1026 1213 longitudinem
1051 1120 1432 1187 universam
1453 1116 1599 1211 ejus
1628 1115 1924 1211 prodidit
1942 1118 2039 1185 Μ.
2060 1118 2359 1212 Agrippa
2398 1136 2469 1189 13

207 1248 512 1295 ccchxv
534 1249 616 1293 Μ.
637 1250 988 1319 passuum,
1013 1222 1430 1295 latitudinem
1461 1246 1707 1297 chvn
1740 1248 1820 1295 Μ.
1848 1222 1965 1293 sed
2008 1248 2215 1318 quum
2245 1238 2369 1295 ter·

209 1334 362 1399 mini
381 1318 435 1369 ³⁹
453 1332 938 1429 Carthaginem
961 1356 1170 1425 usque
1189 1331 1657 1426 procederent:
1679 1355 1827 1425 quae
1863 1354 2060 1399 causa
2086 1354 2365 1425 magnos

209 1462 460 1509 errores
499 1441 1008 1533 computatione
1031 1425 1082 1469 88
1122 1464 1450 1511 mensurae
1496 1439 1735 1533 saepius
1770 1439 1979 1533 parit,
2020 1435 2175 1507 alibi
2208 1463 2363 1507 mu·-

209 1557 342 1614 tato
374 1547 882 1640 provinciarum
915 1544 1152 1629 mod0,
1190 1545 1350 1615 alibi
1390 1546 1709 1615 itinerum
1745 1546 1958 1613 auctis
2000 1558 2118 1612 aut
2162 1544 2365 1616 dimi-

287 1794 380 1850 35.
397 1796 708 1861 ΙΔτὶιιοι-ωπ,
723 1796 883 1865 Regia
905 1794 1122 1848 Carissa.
1146 1788 1240 1849 Sic

209 1875 492 1948 mssffleg.
515 1889 570 1929 et
596 1876 754 1930 Colb.
772 1875 1100 1949 vestustique
1116 1874 1242 1929 libri

211 1975 394 2009 omnes
457 1970 582 2009 ante
647 1956 1078 2025 Daleeampium.
1127 1956 1240 2009 Nec

209 2036 420 2107 Lupiam
461 2038 698 2101 habent,
730 2054 828 2089 nec
871 2036 1034 2087 Uliam
1051 2074 1066 2097 ,
1112 2034 1244 2107 quas

209 2115 296 2167 ille
323 2118 431 2169 hoc
481 2117 608 2169 loco
647 2117 804 2169 nobis
833 2100 1094 2168 obtrusi(
1119 2116 1243 2167 Scio

211 2195 350 2267 apud
398 2198 733 2259 Gruterum,
763 2214 887 2267 pag.
933 2216 998 2265 ²7
1017 2213 1037 2246 ι
1060 2236 1075 2257 ,
1110 2196 1248 2267 legi,

213 2276 396 2329 Onno.
441 2279 607 2331 Rau».
643 2276 992 2328 Unimanum.
1018 2274 1122 2327 Sed
1159 2294 1242 2327 re-

213 2370 356 2426 perta
383 2376 446 2411 ea
469 2357 756 2427 inscriptio
784 2368 863 2408 est
890 2352 1036 2427 apud
1049 2356 1246 2407 Monte-

215 2456 410 2509 najor,
437 2455 618 2509 prope
649 2434 994 2498 Cordubam,
1027 2435 1184 2507 longe
1216 2453 1247 2490 a

213 2516 478 2569 Gaditano
519 2529 824 2579 conventu,
867 2515 924 2567 in
965 2534 1073 2587 quo
1099 2533 1248 2567 nunc

213 2614 405 2649 sumus.
435 2595 622 2649 Hodie
655 2596 858 2648 Montis
875 2624 898 2635 -
917 2594 1138 2665 Majoris
1157 2614 1250 2647 no-

213 2694 330 2727 meu
350 2678 554 2729 habere
575 2675 758 2728 Uliam
783 2674 961 2745 iuquit
979 2674 1250 2739 Mariana,

219 2755 348 2809 nist.
385 2758 545 2827 Hisp.
575 2756 671 2809 lib.
701 2756 820 2819 111,
847 2773 965 2825 cap.
1000 2774 1068 2807 3ο
1087 2794 1104 2819 ,
1129 2772 1250 2825 pag.

133 2898 160 2915 Ι
219 2855 317 2889 ι33
337 2876 354 2901 ,
380 2856 448 2889 xx
483 2837 558 2888 ab
587 2836 727 2888 urbe
757 2833 1014 2889 Corduba
1049 2832 1250 2907 lapide.

215 2915 369 2968 Haud
392 2916 588 2989 procul
610 2914 870 2983 Corduba
902 2914 1063 2967 fuisse
1091 2916 1252 2967 etiam

217 2996 320 3047 Dio
349 2996 642 3069 significat,
685 2994 776 3047 lib.
797 2994 896 3047 XL
917 3034 934 3059 ,
964 3011 1082 3066 pag.
1112 3013 1245 3065 ²²9·

212 3108 290 3118 —
307 3078 520 3130 Carissa
545 3088 730 3128 antem
747 3074 1036 3127 Ptolemaeo
1066 3074 1158 3127 lib.
1174 3074 1249 3137 11,

212 3174 326 3227 mp.
353 3164 386 3221 4
402 3195 418 3223 ,
439 3160 686 3226 Κάρισσα
711 3166 816 3217 est,
840 3173 960 3226 quae
986 3168 1136 3219 vetus
1153 3172 1255 3207 no-

211 3253 338 3289 men
361 3237 606 3290 retinere
621 3274 638 3299 ,
668 3253 842 3305 prope
866 3234 1060 3286 Bornos
1085 3233 1155 3287 ad
1179 3234 1256 3289 ri-

211 3335 340 3385 pam
365 3316 546 3371 amnis
570 3314 881 3379 Gammae,
906 3315 982 3367 ait
1000 3313 1140 3367 Rod.
1157 3314 1256 3368 Ca-

213 3414 304 3449 rus
335 3395 571 3460 lib..111,
601 3414 722 3467 cap.
749 3414 838 3463 ²9·
859 3394 1043 3447 Ham).

299 3476 394 3529 36.
423 3477 586 3546 Urgia
605 3514 622 3537 ,
662 3478 1004 3545 cognominata
1032 3473 1257 3527 Castrum

211 3554 402 3607 lulium
433 3575 455 3608 .·
486 3562 602 3609 item
648 3556 860 3609 Casae-is
889 3554 1254 3607 Salutariensis.

209 3635 332 3689 Hoc
351 3634 622 3708 oppidum
651 3634 836 3705 Urgia,
865 3634 1067 3706 inquit,
1109 3632 1258 3707 quod

211 3717 356 3769 Latii
381 3734 610 3787 quoque
633 3716 756 3785 jure
778 3712 1004 3786 gaudet,
1047 3712 1260 3767 duobus

208 3795 636 3867 cognominibus
688 3794 1056 3867 dignoscitur,
1085 3794 1260 3849 Castri

207 3876 346 3928 Iulii
365 3877 572 3929 scilicet
587 3914 604 3941 ,
625 3886 680 3927 et
700 3874 922 3928 Caesaris
935 3874 1263 3930 Salutarien-

207 3956 298 4008 sis.
333 3956 662 4019 Ptolemaeo,
691 3955 794 4008 loc.
823 3955 914 4007 cit.
948 3955 1117 4027 Οὑγίοι
1145 3967 1258 4007 est:

209 4034 536 4108 hodieque..
562 4048 626 4088 ut
670 4036 787 4089 vult
828 4034 995 4088 Hard.
1028 4036 1128 4087 Las
1159 4034 1260 4087 Ca-

211 4116 363 4169 bezas
379 4158 400 4180 ,
425 4114 574 4170 haud
599 4117 794 4189 procul
823 4135 852 4167 a
884 4116 1093 4185 Lehrija.
1115 4116 1219 4169 En.

1413 1803 1482 1868 37
1492 1837 1505 1850 .
1524 1796 1727 1859 Besaro,
1742 1807 1844 1848 etc.
1858 1794 2066 1860 Besaro,
2083 1795 2365 1869 etBelippo,

1331 1876 1513 1949 ignota
1540 1876 1743 1929 caeteris
1769 1873 1985 1947 oppida.
2012 1876 2092 1927 De
2116 1876 2368 1933 Barbesu-

1331 1958 1380 2011 la
1403 1996 1420 2021 ,
1464 1968 1520 2009 et
1568 1958 1919 2027 Baesippone,
1976 1955 2132 2009 initio
2182 1958 2367 2029 capitis

1331 2038 1493 2107 hujus
1520 2034 2236 2101 dixiinuS.—-Aoe³sivmovoc,
2264 2056 2368 2091 me-

1332 2117 1491 2169 minit
1516 2116 1831 2170 Ptolemaeus
1846 2157 1862 2181 ,
1881 2116 1973 2169 lib.
1992 2116 2075 2173 11,
2097 2134 2211 2186 cap.
2242 2122 2297 2183 4,
2316 2132 2369 2171 et

1333 2198 1470 2248 Mela
1486 2229 1501 2257 ‚
1519 2196 1614 2248 lib.
1631 2196 1705 2259 11,
1720 2215 1837 2265 cap.
1856 2200 1911 2250 6.
1926 2228 2004 2238 -
2018 2196 2113 2249 Est
2132 2210 2183 2249 et
2203 2186 2367 2251 ὀλεα.

1335 2296 1476 2346 erpo-o
1501 2315 1517 2343 ,
1543 2289 1597 2329 et
1622 2274 1833 2337 Δακιῧὶς
1850 2314 1866 2339 ,
1890 2274 2035 2347 apud
2064 2276 2289 2329 Ptolem.
2318 2291 2371 2329 et

1335 2357 1615 2425 Σαγουντὶα.
1638 2373 1653 2407 :
1678 2358 1831 2427 cuius
1866 2356 2061 2411 rudera
2086 2360 2367 2411 monstrari

1333 2437 1488 2491 aiunt
1524 2442 1650 2489 inter
1704 2438 1864 2489 Amos
1914 2449 1967 2490 et
2022 2437 2185 2491 sz
2239 2438 2369 2492 della

1336 2516 1577 2569 Frontem
1592 2556 1607 2580 ,
1620 2514 1688 2569 ad
1703 2535 1913 2571 amnem
1934 2515 2228 2581 Guadalete,
2239 2536 2367 2571 cum

1337 2609 1548 2649 vetusto
1562 2596 1783 2649 nominc
1800 2596 2041 2667 Giganta.
2067 2596 2369 2654 Oleastrum

1337 2676 1512 2741 Mela,
1538 2676 1631 2729 lib.
1659 2676 1745 2729 111
1762 2712 1779 2739 ,
1802 2694 1917 2746 cap.
1965 2694 1988 2729 ι
2014 2715 2029 2741 ,
2074 2678 2254 2731 lucum
2302 2678 2373 2730 sit

1339 2756 1499 2809 ruisse
1528 2775 1702 2832 prope
1717 2754 2045 2809 Gaditanum
2074 2756 2269 2812 sinum.
2300 2756 2365 2811 H.

1421 2836 1515 2889 38.
1546 2836 1740 2889 Brona.
1772 2835 1931 2891 Forte
1963 2836 2218 2903 Urboua,
2240 2836 2371 2907 Οὐρ·

1341 2912 1505 2979 Θώνη,
1528 2913 1598 2969 de
1620 2934 1727 2986 qua
1748 2915 1977 2973 Ptolem.
2014 2915 2107 2968 lib.
2139 2916 2225 2981 11,
2252 2934 2369 2988 cap.

1345 3002 1378 3059 4
1395 3036 1410 3060 ,
1426 2996 1565 3049 inter
1587 2995 1887 3051 Oleastrum
1908 3007 1961 3047 et
1984 2994 2370 3067 Baesipponem.

1341 3105 1422 3117 -
1434 3076 1569 3130 Mox
1582 3076 1676 3129 ubi
1691 3076 1957 3129 Audon-ise
1968 3076 2279 3147 scripsimus
2290 3116 2307 3141 ,
2322 3089 2375 3129 et

1340 3156 1515 3209 statim
1544 3157 1905 3229 subsequente
1932 3154 2189 3227 periodo,
2217 3156 2377 3207 Porro

1342 3234 1691 3307 longitudinem
1737 3256 1756 3288 .·
1798 3234 1857 3287 id
1908 3234 2065 3290 MSS.
2126 3234 2377 3289 codicum

1343 3313 1507 3369 fidem
1534 3317 1701 3371 secuti
1739 3314 1961 3369 fecimus
1990 3333 2193 3389 :quum
2230 3316 2379 3386 prius

1343 3395 1629 3466 legeretur,
1679 3396 2030 3465 Andorisippo.
2081 3396 2376 3465 Longitudi-

1347 3494 1475 3541 nem,
1499 3488 1599 3529 etc.
1630 3476 1719 3529 Sic
1746 3477 1861 3547 ipse
1887 3474 2115 3537 Plinius,
2156 3475 2249 3529 lib.
2278 3476 2379 3539 lv,

1347 3572 1463 3626 cap.
1524 3559 1595 3611 16
1625 3594 1643 3621 ,
1704 3554 1991 3624 descriptis
2055 3552 2377 3627 quibusdam

1349 3634 1567 3689 Groeciae
1608 3634 1917 3706 regionibus
1934 3673 1950 3698 ,
1990 3632 2151 3687 Por-m
2194 3636 2379 3706 Epiri,

1347 3715 1554 3786 inquit,
1578 3716 1818 3768 Achaia».
1846 3750 1859 3761 .
1885 3714 2179 3783 domimo.
2196 3730 2295 3769 etc.
2313 3716 2379 3769 H.
2428 3722 2431 3725 ’

1433 3795 1529 3865 39.
1560 3794 1664 3849 Sed
1687 3814 1831 3866 quemn
1870 3798 2076 3848 termini.
2121 3795 2228 3850 Sed
2264 3814 2379 3849 eam

1347 3874 1747 3946 longitudinem
1786 3876 2022 3947 Agrippa
2049 3887 2163 3929 tum
2198 3874 2382 3949 prodi·

1348 3952 1430 4007 dit
1446 3993 1460 4012 ,
1505 3974 1678 4025 quum
1691 3955 1885 4009 Baetica
1900 3955 2277 4029 Carthaginem
2300 3975 2385 4011 us·

1351 4053 1456 4105 que
1482 4035 1789 4107 pertineret.
1808 4037 1997 4089 Hui).

1443 4122 1535 4180 40.
1585 4115 1953 4187 Comparationis
2000 4135 2245 4175 mensurat.
2282 4118 2387 4169 Ve-
