2950 5017
544 433 697 505 688

1088 428 1166 497 c.
1220 425 1554 496 PLINII
1607 377 1820 492 NAT'.
1875 422 2128 492 ms'r.

540 563 901 661 oppidum,
928 542 1315 641 salmani¹³‚
1347 541 1480 624 et¹⁴
1513 555 1724 624 Masei
1755 552 2024 622 Arabes.
2064 549 2408 646 Gordyaeis
2429 535 2476 575 ¹⁵
2517 575 2683 620 vero

532 673 747 768 juncti
784 649 1085 749 Aloni¹⁶‚
1128 662 1307 760 per¹⁷
1346 687 1515 757 quos
1553 660 1780 728 Zerbis
1817 661 2058 728 fluvius
2089 661 2158 727 in
2182 659 2436 752 Tigrim
2465 657 2684 740 cadit,

539 762 856 848 Azones¹⁸
877 825 897 860 ‚
962 770 1143 842 silici
1193 768 1532 854 montani,
1593 781 1662 835 et
1701 767 2055 846 Orontea..
2092 789 2378 860 quorum
2431 763 2518 832 ad
2561 788 2679 832 oc·

540 885 873 954 cidentem
930 877 1254 974 oppidum
1318 871 1730 968 Gaugamela
1746 869 1836 940 ¹⁹:
1876 873 2038 940 item
2055 868 2105 894 ²⁰
2143 873 2312 958 Sue,
2369 872 2439 938 in
2491 871 2680 964 rupi-

541 993 666 1061 bus
696 1017 711 1059 :
742 1011 942 1081 supra
977 984 1153 1054 silici
1173 981 1219 1008 ²¹
1264 980 1594 1065 Classitae,
1634 974 1817 1073 per²²
1851 1002 2018 1072 quos
2067 979 2288 1072 Lycus
2323 1001 2404 1044 ex
2441 976 2684 1044 Arme·

541 1098 653 1167 nia
684 1096 897 1166 fertur
928 1117 943 1160 ε
996 1073 1357 1160 Absidris'³
1408 1086 1496 1156 ad
1536 1085 1893 1154 hibernum
1942 1097 2283 1168 exortum,
2321 1081 2608 1151 Azochis
2628 1067 2682 1111 ²⁴

626 1289 718 1344 13.
764 1287 1003 1343 Salmam'.
1050 1284 1291 1339 Arabum
1332 1281 1560 1355 generis.

541 1371 752 1424 Horum
785 1365 1004 1421 videtur
1029 1365 1327 1436 Stephanus
1373 1361 1564 1415 memi-

541 1452 702 1514 nisse,
744 1467 803 1520 p.
856 1445 999 1500 582:
1038 1441 1315 1516 Σαλμὴνοὶ,
1353 1441 1567 1514 inquit,

542 1531 671 1591 ἔθνος
702 1522 990 1600 *maumam
1028 1525 1092 1587 ὥς
1128 1543 1245 1595 φησι
1270 1529 1491 1583 Γλαῦκος
1516 1522 1564 1574 ἄν

542 1604 799 1682 Apa-Saxam
829 1605 1169 1677 ἀρχαιολογὶᾳ.
1206 1628 1229 1651 ι
1264 1602 1409 1656 Genu
1439 1600 1568 1654 soli-

544 1691 697 1756 taria,
719 1699 781 1740 ut
794 1687 869 1740 ait
882 1685 1117 1739 Glaucus
1136 1684 1195 1737 in
1212 1682 1568 1736 Arabicorum

544 1766 967 1840 antiquitatibus.
990 1789 1013 1810 ι
1050 1764 1238 1817 Hum-

630 1853 721 1912 14.
749 1847 828 1899 Ee
856 1845 1015 1898 Masei
1036 1841 1250 1897 Arabas.
1280 1841 1348 1894 In
1378 1837 1566 1895 Cbiffi.

544 1940 600 1981 et
640 1922 961 2000 quibusdam
989 1922 1107 1977 aliia
1142 1919 1538 1992 exemplaribus
1553 1957 1570 1988 ,

543 2005 741 2060 Marcei.
773 2005 955 2057 Ham).

631 2086 721 2141 15.
767 2084 1044 2154 Gordyoet's.
1072 2078 1258 2136 Cbiffl.
1302 2078 1566 2132 Condiaeis.

544 2166 651 2232 Qui
700 2166 968 2236 Assyriam
1024 2163 1092 2214 ab
1141 2177 1331 2213 occasu
1386 2158 1569 2212 nativo

544 2243 800 2299 claudunt
818 2281 835 2308 ‚
893 2255 954 2296 ut
1009 2237 1242 2295 diximus
1292 2257 1411 2311 cap.
1475 2257 1568 2310 17.

545 2326 726 2379 Hum.
756 2337 811 2378 et
836 2324 940 2377 En.

630 2407 718 2459 16.
748 2404 919 2457 Alani.
944 2397 1127 2456 Chiffl.
1157 2398 1342 2452 Azoni.
1370 2397 1569 2450 En.—

544 2484 700 2538 Ultra
748 2482 955 2554 Tigrim
1000 2479 1199 2551 positi,
1234 2477 1293 2530 in
1332 2477 1570 2532 confinio

537 2563 805 2637 Assyriam,
844 2562 955 2615 sive
1000 2556 1343 2630 GordyeneS,
1383 2557 1482 2609 ubi
1517 2565 1570 2610 et

543 2645 780 2710 Azones,
806 2655 859 2694 et
882 2639 1059 2706 Sicili,
1086 2651 1141 2691 et
1162 2638 1408 2689 Orontes.
1437 2637 1508 2690 H.

628 2743 721 2794 17.
779 2722 881 2773 Per
930 2739 1047 2792 quas
1099 2717 1296 2770 Zerbis.
1342 2714 1409 2770 Id
1460 2727 1569 2782 est,

541 2814 801 2875 quantum
846 2819 910 2854 ex
948 2800 1053 2852 situ
1093 2795 1432 2868 conjicimus,
1474 2797 1571 2868 qui

542 2885 721 2956 Γόργος
738 2881 964 2950 ποταμὸς
979 2895 1151 2950 graeca
1169 2875 1570 2930 nomenclatura

541 2963 616 3016 ob
646 2962 968 3016 celeritatem
996 2975 1180 3010 cursus
1194 2995 1209 3022 ,
1236 2975 1264 3007 a
1284 2956 1570 3009 Ptolemaeo

542 3053 783 3102 vocatur,
796 3039 1007 3102 lib.VI,
1028 3054 1075 3090 c.
1101 3055 1149 3102 1,
1176 3037 1234 3088 in
1258 3035 1570 3107 Tigrimque

542 3121 831 3175 delabitur.
854 3119 1037 3170 Hann.

630 3203 718 3254 18.
754 3199 983 3262 Azanes,
1008 3195 1187 3260 silici,
1236 3206 1338 3248 etc.
1385 3193 1569 3247 Dalec.

542 3282 743 3335 Azanes
763 3276 963 3344 Sim-es,
989 3288 1094 3329 etc.
1116 3276 1220 3328 En.

628 3385 713 3436 19.
747 3364 1073 3434 Gaugamela.
1095 3363 1405 3434 Γαυγάμηλα
1435 3361 1570 3414 Pto·-

538 3448 757 3512 lemaeo,
786 3447 889 3498 loc.
918 3443 1012 3496 cit·
1044 3455 1100 3496 et
1139 3440 1427 3506 Straboni,
1467 3441 1564 3494 lib.

540 3529 696 3595 XVI,
713 3548 772 3600 p.
789 3547 820 3598 7
831 3525 899 3596 37
912 3564 925 3577 .
942 3525 1021 3576 De
1033 3523 1195 3593 hujus
1210 3521 1566 3592 originatione

540 3607 716 3672 vocis,
744 3603 867 3660 vide
890 3603 1233 3656 Plutarchum
1261 3601 1316 3654 in
1337 3601 1566 3654 Alexan-

538 3687 641 3740 dro
657 3725 673 3752 ,
694 3705 816 3759 pag.
845 3684 982 3747 683,
1004 3694 1057 3734 et
1087 3681 1402 3734 Strabonem
1423 3719 1439 3746 ,
1462 3681 1563 3733 loc.

538 3767 631 3821 cit.
651 3766 739 3820 Ibi
759 3779 916 3818 verus
942 3761 1115 3834 praelii
1135 3762 1288 3814 locus
1306 3760 1430 3822 fuit,
1454 3779 1564 3832 quo

538 3845 765 3900 Darium
810 3842 940 3896 vicit
974 3838 1276 3894 Alexander
1296 3878 1312 3905 ,
1352 3859 1465 3892 non
1496 3838 1568 3893 ad

538 3925 733 3978 Arbela
753 3963 768 3986 ‚
796 3935 857 3975 ut
874 3921 1028 3974 multi
1056 3921 1263 3973 volunt.
1297 3917 1403 3974 Sed
1427 3938 1566 3990 quo-

536 4007 684 4057 niam
724 4001 917 4056 Arbela
952 3999 1291 4071 Gaugamelis
1328 3999 1562 4066 notiora,

534 4085 598 4136 iis
630 4083 745 4136 haic
780 4081 922 4134 fama
959 4079 1128 4135 hesit.
1161 4079 1243 4133 Ita
1270 4076 1411 4133 Plut.
1439 4078 1564 4133 loco

1649 1279 1844 1344 citato;
1869 1279 2079 1344 Strabo,
2101 1278 2200 1331 lib.
2209 1276 2374 1342 xvl,
2393 1294 2514 1348 pag.
2543 1276 2686 1348 737,

1651 1359 1869 1431 aliique.
1899 1355 2080 1412 Han.

1735 1457 1823 1492 20.
1853 1440 1976 1492 Item
1999 1437 2114 1490 Soe.
2141 1437 2268 1490 Vet.
2307 1434 2457 1508 apud
2497 1435 2684 1490 Dalec.

1652 1523 1765 1572 item
1794 1517 1936 1572 Sace.
1965 1515 2147 1572 Chiffl.
2175 1519 2287 1568 item
2319 1515 2459 1568 Suet.
2491 1516 2686 1569 En.—

1651 1618 1818 1696 yffw
1852 1615 1950 1669 Sue
1983 1611 2247 1668 Chaldaeia
2269 1631 2468 1685 rupem
2499 1625 2686 1680 sonat,

1653 1709 1717 1750 ut
1745 1696 1910 1749 aiunt.
1927 1694 2110 1747 ffinn.

1735 1797 1765 1830 2
1779 1787 1826 1828 t.
1847 1775 1988 1828 Sa'le’ei
2003 1773 2244 1827 Classica.
2266 1771 2689 1843 Eoeognomine

1655 1871 1687 1909 a
1725 1855 1898 1909 Silicis
1924 1853 2192 1907 montanis
2211 1864 2584 1918 secernuntur,
2609 1850 2688 1906 de

1653 1935 1850 2008 quibus
1875 1933 2078 1987 dictum
2105 1945 2184 1986 eat
2215 1933 2477 2004 proxime.
2502 1931 2571 1985 Η.
2601 1961 2694 1974 --

1655 2013 1806 2080 Quid
1835 2015 1882 2068 si
1908 2012 2181 2068 Calachitoe
2207 2009 2385 2083 legas?
2409 2013 2506 2064 Est
2535 2011 2690 2065 enim

1653 2094 1712 2147 in
1735 2093 1924 2147 eodem
1949 2093 2054 2145 situ
2083 2091 2330 2146 Straboni
2347 2131 2365 2156 ,
2395 2091 2494 2144 lib.
2517 2092 2692 2158 XVI,

1653 2185 1774 2244 pag.
1809 2175 1923 2244 736
1942 2211 1958 2236 ,
1995 2173 2272 2239 Καλαχηνὴ
2299 2171 2482 2242 regio;
2514 2172 2696 2224 Ptole·

1653 2271 1814 2320 maeo,
1834 2253 2032 2314 lib.vl,
2048 2270 2168 2323 cap.
2189 2268 2235 2314 1,
2249 2251 2507 2307 Kalamai-ii
2521 2249 2693 2305 dicta.

1656 2330 1765 2386 Sed
1813 2327 2016 2385 habent
2059 2329 2270 2384 codices
2307 2329 2463 2384 MSS.
2500 2330 2696 2384 Classis

1655 2401 1762 2466 ΪῙΪ.
1803 2412 1988 2464 111111).

1739 2509 1832 2545 22.
1860 2491 1962 2542 Per
1987 2501 2104 2562 qim
2127 2489 2306 2562 Lycus.
2329 2489 2489 2552 Λύκος
2517 2509 2694 2543 ποτα-

1655 2573 1746 2644 μὸς
1770 2571 2021 2625 Straboni
2036 2608 2054 2636 ,
2078 2569 2173 2622 lib.
2208 2567 2372 2634 xvt,
2391 2587 2517 2640 pag.
2551 2570 2695 2641 737,

1653 2671 1752 2724 per
1777 2651 1981 2704 Aturia
2009 2667 2227 2720 campos
2253 2647 2450 2710 fluens,
2483 2651 2540 2702 in
2561 2649 2692 2721 qui-

1653 2731 1757 2784 bus
1779 2729 1954 2783 Ninus
1975 2726 2238 2801 oppidum
2273 2727 2374 2781 fnit
2393 2766 2410 2792 ,
2443 2742 2496 2782 et
2519 2747 2696 2800 pagus

1655 2810 2000 2882 Γαυγάμηλα,
2036 2807 2107 2861 de
2153 2825 2262 2879 quo
2301 2825 2481 2879 supra.
2519 2808 2692 2880 Apud

1655 2890 2002 2944 Ptolemaeum
2021 2927 2038 2952 ,
2052 2887 2244 2954 lib.V‚
2264 2905 2383 2958 cap.
2420 2907 2444 2940 1
2457 2927 2472 2954 ,
2487 2905 2694 2960 perpe·

1655 2989 1772 3023 ram
1806 2971 1985 3029 Λευκὸς
2011 2985 2116 3038 pro
2149 2967 2329 3026 Δῦκος.
2371 2967 2438 3019 Ῑ11
2474 2967 2694 3039 Tigrim

1655 3047 1941 3102 delabitur.
1969 3048 2040 3101 H.
2067 3078 2148 3090 —
2165 3047 2323 3100 Nunc
2344 3045 2516 3117 grand
2533 3048 2590 3100 Z
2591 3047 2662 3099 ab
2677 3089 2698 3115 ,

1655 3128 1770 3182 aive
1790 3128 1846 3180 Z
1847 3124 1953 3179 arb.
1975 3129 2080 3179 En.

1739 3206 1831 3260 23.
1869 3206 2115 3260 AbsidrIs.
2150 3205 2218 3258 In
2255 3203 2414 3258 MSS.
2449 3206 2692 3261 Abss’a-e's.

1656 3283 1819 3342 Forte
1844 3287 2108 3360 Absyrtus,
2129 3269 2347 3355 Ἀψυρτος
2371 3324 2387 3351 ,
2419 3285 2570 3357 quod
2601 3306 2696 3342 oe.

1657 3367 1758 3420 leri
1785 3367 1986 3420 feratur
2011 3367 2247 3438 impetu,
2278 3367 2426 3436 quasi
2455 3368 2696 3438 ἀψορῥος,

1653 3447 1722 3500 ab
1758 3442 1884 3517 αἶψα
1921 3449 2062 3518 §ium
2101 3446 2156 3497 Is
2185 3457 2264 3497 est
2291 3447 2384 3516 qui
2417 3449 2626 3518 Κάπρος
2661 3467 2695 3501 ι

1653 3525 1919 3581 Strabone
1947 3538 2188 3586 vocatur,
2203 3525 2306 3578 loc.
2331 3525 2422 3578 cit.
2444 3537 2595 3578 tanto
2613 3528 2694 3580 ab

1652 3605 1898 3671 Arbelis,
1933 3617 2138 3677 quanto
2173 3604 2380 3674 Lycus,
2407 3605 2698 3660 intervallo

1653 3683 1868 3738 dissitus
1895 3703 1910 3738 :
1941 3683 2169 3756 Polybio
2209 3683 2360 3748 item,
2395 3685 2492 3736 lib.
2516 3686 2590 3749 V,
2625 3705 2692 3756 p.

1660 3765 1790 3818 551.
1825 3765 1894 3817 H.
1921 3795 2004 3808 --
2029 3764 2188 3817 Nunc
2217 3767 2342 3834 petit
2369 3765 2521 3831 Zab,
2543 3764 2698 3816 ineo·

1652 3843 1722 3898 lis
1756 3844 2058 3910 Alma-sou,
2097 3860 2218 3914 qua
2258 3861 2418 3896 voces
2457 3861 2691 3896 aureum

1655 3922 1858 3976 flumen
1887 3935 2096 3977 sonant.
2116 3921 2220 3975 En.

1737 4007 1830 4066 24.
1872 4003 2105 4056 Azochis.
2147 3999 2386 4056 chifflet.
2426 3998 2548 4056 cod.
2591 3996 2694 4053 dat

1653 4082 1918 4136 Aeboclelt.
1948 4085 2056 4137 En.
