<?xml version="1.0" encoding="UTF-8"?>
<!DOCTYPE html PUBLIC "-//W3C//DTD XHTML 1.0 Transitional//EN"
    "http://www.w3.org/TR/xhtml1/DTD/xhtml1-transitional.dtd">
<html xmlns="http://www.w3.org/1999/xhtml" xml:lang="en" lang="en">
 <head>
  <title>
</title>
<meta http-equiv="Content-Type" content="text/html;charset=utf-8" />
  <meta name='ocr-system' content='tesseract 3.04.00' />
  <meta name='ocr-capabilities' content='ocr_page ocr_carea ocr_par ocr_line ocrx_word'/>
</head>
<body>
  <div class='ocr_page' id='page_1' title='image "./caiipliniisecun06plingoog_0225.png"; bbox 0 0 2950 5017; ppageno 0'>
   <div class='ocr_carea' id='block_1_1' title="bbox 570 516 718 562">
    <p class='ocr_par' dir='ltr' id='par_1_1' title="bbox 570 516 718 562">
     <span class='ocr_line' id='line_1_1' title="bbox 570 516 718 562; baseline 0 0"><span class='ocrx_word' id='word_1_1' title='bbox 570 516 718 562; x_wconf 78' lang='lat'><strong>212</strong></span> 
     </span>
    </p>
   </div>
   <div class='ocr_carea' id='block_1_2' title="bbox 1099 486 2174 558">
    <p class='ocr_par' dir='ltr' id='par_1_2' title="bbox 1099 486 2174 558">
     <span class='ocr_line' id='line_1_2' title="bbox 1099 486 2174 558; baseline -0.002 -1"><span class='ocrx_word' id='word_1_2' title='bbox 1099 490 1178 558; x_wconf 82' lang='lat' dir='ltr'><strong>C.</strong></span> <span class='ocrx_word' id='word_1_3' title='bbox 1233 489 1581 557; x_wconf 87' lang='lat' dir='ltr'>PLINII</span> <span class='ocrx_word' id='word_1_4' title='bbox 1634 486 1861 557; x_wconf 82' lang='lat' dir='ltr'><strong>NAT.</strong></span> <span class='ocrx_word' id='word_1_5' title='bbox 1918 490 2174 558; x_wconf 86' lang='lat' dir='ltr'><strong>HIST.</strong></span> 
     </span>
    </p>
   </div>
   <div class='ocr_carea' id='block_1_3' title="bbox 565 614 2719 1245">
    <p class='ocr_par' dir='ltr' id='par_1_3' title="bbox 565 614 2714 1036">
     <span class='ocr_line' id='line_1_3' title="bbox 565 614 2714 707; baseline -0.002 -15"><span class='ocrx_word' id='word_1_6' title='bbox 565 622 734 693; x_wconf 85' lang='lat' dir='ltr'><strong>mari</strong></span> <span class='ocrx_word' id='word_1_7' title='bbox 767 619 999 690; x_wconf 88' lang='lat' dir='ltr'><strong>eadem</strong></span> <span class='ocrx_word' id='word_1_8' title='bbox 1021 620 1265 689; x_wconf 84' lang='lat' dir='ltr'><strong>Phocis</strong></span> <span class='ocrx_word' id='word_1_9' title='bbox 1292 633 1360 687; x_wconf 90' lang='lat' dir='ltr'><strong>et</strong></span> <span class='ocrx_word' id='word_1_10' title='bbox 1384 619 1656 706; x_wconf 89' lang='lat' dir='ltr'><strong>Locris,</strong></span> <span class='ocrx_word' id='word_1_11' title='bbox 1684 621 1919 707; x_wconf 89' lang='lat' dir='ltr'><strong>Doris,</strong></span> <span class='ocrx_word' id='word_1_12' title='bbox 1942 618 2309 703; x_wconf 79' lang='lat' dir='ltr'><strong>Phthiotis,</strong></span> <span class='ocrx_word' id='word_1_13' title='bbox 2342 614 2714 700; x_wconf 81' lang='lat' dir='ltr'><strong>Thessalia,</strong></span> 
     </span>
     <span class='ocr_line' id='line_1_4' title="bbox 565 722 2714 823; baseline -0.003 -25"><span class='ocrx_word' id='word_1_14' title='bbox 565 728 911 823; x_wconf 81' lang='lat' dir='ltr'>Magnesia</span> <span class='ocrx_word' id='word_1_15' title='bbox 925 780 948 814; x_wconf 88' lang='lat'>‚</span> <span class='ocrx_word' id='word_1_16' title='bbox 959 725 1358 795; x_wconf 81' lang='lat' dir='ltr'><strong>Macedonia</strong></span> <span class='ocrx_word' id='word_1_17' title='bbox 1376 778 1398 810; x_wconf 93' lang='lat'>‚</span> <span class='ocrx_word' id='word_1_18' title='bbox 1413 725 1724 795; x_wconf 87' lang='lat' dir='ltr'><strong>Thracia.</strong></span> <span class='ocrx_word' id='word_1_19' title='bbox 1748 727 1985 795; x_wconf 88' lang='lat' dir='ltr'><strong>Omnis</strong></span> <span class='ocrx_word' id='word_1_20' title='bbox 1998 726 2275 795; x_wconf 66' lang='lat' dir='ltr'><strong>Graeciae</strong></span> <span class='ocrx_word' id='word_1_21' title='bbox 2294 722 2714 809; x_wconf 86' lang='lat' dir='ltr'><strong>fabulositas,</strong></span> 
     </span>
     <span class='ocr_line' id='line_1_5' title="bbox 567 828 2714 926; baseline -0.004 -22"><span class='ocrx_word' id='word_1_22' title='bbox 567 837 739 904; x_wconf 86' lang='lat' dir='ltr'><strong>sicut</strong></span> <span class='ocrx_word' id='word_1_23' title='bbox 772 848 841 902; x_wconf 91' lang='lat' dir='ltr'><strong>et</strong></span> <span class='ocrx_word' id='word_1_24' title='bbox 885 830 1255 913; x_wconf 84' lang='lat' dir='ltr'><strong>litterarum</strong></span> <span class='ocrx_word' id='word_1_25' title='bbox 1292 830 1597 916; x_wconf 84' lang='lat' dir='ltr'><strong>claritas,</strong></span> <span class='ocrx_word' id='word_1_26' title='bbox 1638 856 1726 900; x_wconf 82' lang='lat' dir='ltr'><strong>ex</strong></span> <span class='ocrx_word' id='word_1_27' title='bbox 1756 830 1890 900; x_wconf 89' lang='lat' dir='ltr'><strong>hoc</strong></span> <span class='ocrx_word' id='word_1_28' title='bbox 1922 832 2215 926; x_wconf 84' lang='lat' dir='ltr'><strong>primum</strong></span> <span class='ocrx_word' id='word_1_29' title='bbox 2253 830 2403 898; x_wconf 89' lang='lat' dir='ltr'><strong>sinu</strong></span> <span class='ocrx_word' id='word_1_30' title='bbox 2438 828 2714 898; x_wconf 83' lang='lat' dir='ltr'><strong>effulsit.</strong></span> 
     </span>
     <span class='ocr_line' id='line_1_6' title="bbox 569 934 2207 1036; baseline -0.004 -26"><span class='ocrx_word' id='word_1_31' title='bbox 569 943 1001 1036; x_wconf 83' lang='lat' dir='ltr'><strong>Quapropter</strong></span> <span class='ocrx_word' id='word_1_32' title='bbox 1025 940 1098 1007; x_wconf 91' lang='lat' dir='ltr'><strong>in</strong></span> <span class='ocrx_word' id='word_1_33' title='bbox 1134 962 1216 1007; x_wconf 93' lang='lat' dir='ltr'><strong>eo</strong></span> <span class='ocrx_word' id='word_1_34' title='bbox 1247 934 1592 1032; x_wconf 88' lang='lat' dir='ltr'><strong>paululum</strong></span> <span class='ocrx_word' id='word_1_35' title='bbox 1616 936 2207 1007; x_wconf 83' lang='lat' dir='ltr'><strong>commorabimur.</strong></span> 
     </span>
    </p>

    <p class='ocr_par' dir='ltr' id='par_1_4' title="bbox 567 1040 2719 1245">
     <span class='ocr_line' id='line_1_7' title="bbox 673 1040 2719 1141; baseline -0.003 -26"><span class='ocrx_word' id='word_1_36' title='bbox 673 1045 946 1141; x_wconf 87' lang='lat' dir='ltr'><strong>Epiros⁷</strong></span> <span class='ocrx_word' id='word_1_37' title='bbox 988 1046 1059 1113; x_wconf 92' lang='lat' dir='ltr'><strong>in</strong></span> <span class='ocrx_word' id='word_1_38' title='bbox 1098 1044 1487 1113; x_wconf 80' lang='lat' dir='ltr'><strong>universum</strong></span> <span class='ocrx_word' id='word_1_39' title='bbox 1528 1041 1886 1138; x_wconf 85' lang='lat' dir='ltr'><strong>appellata,</strong></span> <span class='ocrx_word' id='word_1_40' title='bbox 1930 1042 2435 1112; x_wconf 81' lang='lat' dir='ltr'><strong>Acrocerauniis</strong></span> <span class='ocrx_word' id='word_1_41' title='bbox 2482 1040 2719 1136; x_wconf 85' lang='lat' dir='ltr'><strong>incipit</strong></span> 
     </span>
     <span class='ocr_line' id='line_1_8' title="bbox 567 1134 2711 1245; baseline -0.004 -23"><span class='ocrx_word' id='word_1_42' title='bbox 567 1151 925 1222; x_wconf 89' lang='lat' dir='ltr'><strong>montibus.</strong></span> <span class='ocrx_word' id='word_1_43' title='bbox 962 1154 1047 1220; x_wconf 92' lang='lat' dir='ltr'><strong>In</strong></span> <span class='ocrx_word' id='word_1_44' title='bbox 1081 1173 1162 1218; x_wconf 86' lang='lat' dir='ltr'><strong>ea</strong></span> <span class='ocrx_word' id='word_1_45' title='bbox 1195 1150 1392 1244; x_wconf 89' lang='lat' dir='ltr'><strong>primi</strong></span> <span class='ocrx_word' id='word_1_46' title='bbox 1420 1148 1734 1219; x_wconf 87' lang='lat' dir='ltr'><strong>Chaones</strong></span> <span class='ocrx_word' id='word_1_47' title='bbox 1747 1134 1796 1235; x_wconf 82' lang='lat'><strong>⁸,</strong></span> <span class='ocrx_word' id='word_1_48' title='bbox 1824 1172 1865 1217; x_wconf 89' lang='lat' dir='ltr'><strong>a</strong></span> <span class='ocrx_word' id='word_1_49' title='bbox 1900 1148 2140 1245; x_wconf 90' lang='lat' dir='ltr'><strong>quibus</strong></span> <span class='ocrx_word' id='word_1_50' title='bbox 2168 1147 2479 1218; x_wconf 86' lang='lat' dir='ltr'><strong>Chaonia</strong></span> <span class='ocrx_word' id='word_1_51' title='bbox 2506 1172 2524 1215; x_wconf 73' lang='grc' dir='ltr'><strong><em>ε</em></strong></span> <span class='ocrx_word' id='word_1_52' title='bbox 2554 1146 2711 1215; x_wconf 90' lang='lat' dir='ltr'><strong>dein</strong></span> 
     </span>
    </p>
   </div>
   <div class='ocr_carea' id='block_1_4' title="bbox 564 1253 1640 1353">
    <p class='ocr_par' dir='ltr' id='par_1_5' title="bbox 564 1253 1640 1353">
     <span class='ocr_line' id='line_1_9' title="bbox 564 1253 1640 1353; baseline -0.002 -26"><span class='ocrx_word' id='word_1_53' title='bbox 564 1258 922 1353; x_wconf 85' lang='lat' dir='ltr'><strong>Thesproti</strong></span> <span class='ocrx_word' id='word_1_54' title='bbox 945 1255 995 1345; x_wconf 81' lang='lat'><strong>⁹,</strong></span> <span class='ocrx_word' id='word_1_55' title='bbox 1033 1253 1583 1349; x_wconf 81' lang='lat' dir='ltr'><strong>Antigonenses¹⁶</strong></span> <span class='ocrx_word' id='word_1_56' title='bbox 1625 1281 1640 1324; x_wconf 74' lang='grc' dir='ltr'><strong>ε</strong></span> 
     </span>
    </p>
   </div>
   <div class='ocr_carea' id='block_1_5' title="bbox 562 1555 1601 2026">
    <p class='ocr_par' dir='ltr' id='par_1_6' title="bbox 562 1555 1601 2026">
     <span class='ocr_line' id='line_1_10' title="bbox 585 1555 1595 1633; baseline -0.005 -17"><span class='ocrx_word' id='word_1_57' title='bbox 585 1564 592 1573; x_wconf 84' lang='grc'><strong>’</strong></span> <span class='ocrx_word' id='word_1_58' title='bbox 649 1582 702 1632; x_wconf 87' lang='lat'><strong>7.</strong></span> <span class='ocrx_word' id='word_1_59' title='bbox 718 1558 917 1633; x_wconf 64' lang='lat' dir='ltr'><strong>Epiros.</strong></span> <span class='ocrx_word' id='word_1_60' title='bbox 939 1558 1068 1612; x_wconf 63' lang='lat' dir='ltr'><strong>Huc</strong></span> <span class='ocrx_word' id='word_1_61' title='bbox 1085 1558 1382 1612; x_wconf 77' lang='lat' dir='ltr'><strong>Martianus</strong></span> <span class='ocrx_word' id='word_1_62' title='bbox 1401 1555 1595 1611; x_wconf 84' lang='lat' dir='ltr'><strong>iisdem</strong></span> 
     </span>
     <span class='ocr_line' id='line_1_11' title="bbox 565 1636 1597 1707; baseline -0.008 -10"><span class='ocrx_word' id='word_1_63' title='bbox 565 1642 742 1697; x_wconf 80' lang='lat' dir='ltr'><strong>verbis</strong></span> <span class='ocrx_word' id='word_1_64' title='bbox 779 1642 899 1693; x_wconf 86' lang='lat' dir='ltr'><strong>loco</strong></span> <span class='ocrx_word' id='word_1_65' title='bbox 931 1639 1116 1693; x_wconf 68' lang='lat' dir='ltr'><strong>citato.</strong></span> <span class='ocrx_word' id='word_1_66' title='bbox 1145 1636 1324 1691; x_wconf 85' lang='lat' dir='ltr'><strong>Hodie</strong></span> <span class='ocrx_word' id='word_1_67' title='bbox 1355 1636 1597 1707; x_wconf 68' lang='lat' dir='ltr'><strong>Sangia-t</strong></span> 
     </span>
     <span class='ocr_line' id='line_1_12' title="bbox 563 1717 1601 1785; baseline -0.009 -8"><span class='ocrx_word' id='word_1_68' title='bbox 563 1724 626 1777; x_wconf 77' lang='lat' dir='ltr'><strong>de</strong></span> <span class='ocrx_word' id='word_1_69' title='bbox 642 1722 848 1785; x_wconf 69' lang='lat' dir='ltr'><strong>lanino,</strong></span> <span class='ocrx_word' id='word_1_70' title='bbox 864 1718 925 1772; x_wconf 78' lang='lat' dir='ltr'><strong>de</strong></span> <span class='ocrx_word' id='word_1_71' title='bbox 943 1719 1170 1783; x_wconf 71' lang='lat' dir='ltr'><strong>Delvino,</strong></span> <span class='ocrx_word' id='word_1_72' title='bbox 1193 1717 1254 1769; x_wconf 79' lang='lat' dir='ltr'><strong>de</strong></span> <span class='ocrx_word' id='word_1_73' title='bbox 1273 1718 1541 1771; x_wconf 75' lang='lat' dir='ltr'><strong>Chamouri</strong></span> <span class='ocrx_word' id='word_1_74' title='bbox 1550 1729 1601 1770; x_wconf 78' lang='lat' dir='ltr'><strong>et</strong></span> 
     </span>
     <span class='ocr_line' id='line_1_13' title="bbox 565 1796 1600 1869; baseline -0.007 -13"><span class='ocrx_word' id='word_1_75' title='bbox 565 1804 626 1857; x_wconf 85' lang='lat' dir='ltr'><em>V</em></span> <span class='ocrx_word' id='word_1_76' title='bbox 619 1800 829 1854; x_wconf 69' lang='lat' dir='ltr'><strong>amdiuk</strong></span> <span class='ocrx_word' id='word_1_77' title='bbox 848 1838 864 1865; x_wconf 91' lang='lat'><strong>,</strong></span> <span class='ocrx_word' id='word_1_78' title='bbox 903 1816 998 1851; x_wconf 86' lang='lat' dir='ltr'><strong>seu</strong></span> <span class='ocrx_word' id='word_1_79' title='bbox 1027 1798 1345 1869; x_wconf 65' lang='lat' dir='ltr'><strong>Principum&amp;</strong></span> <span class='ocrx_word' id='word_1_80' title='bbox 1369 1796 1564 1850; x_wconf 77' lang='lat' dir='ltr'><strong>d&#39;Ae-ta</strong></span> <span class='ocrx_word' id='word_1_81' title='bbox 1582 1834 1600 1862; x_wconf 84' lang='lat'><strong>,</strong></span> 
     </span>
     <span class='ocr_line' id='line_1_14' title="bbox 562 1876 1601 1947; baseline -0.007 -12"><span class='ocrx_word' id='word_1_82' title='bbox 562 1890 626 1935; x_wconf 87' lang='lat' dir='ltr'><strong>ut</strong></span> <span class='ocrx_word' id='word_1_83' title='bbox 646 1900 745 1934; x_wconf 86' lang='lat' dir='ltr'><strong>nos</strong></span> <span class='ocrx_word' id='word_1_84' title='bbox 763 1876 941 1943; x_wconf 88' lang='lat' dir='ltr'><strong>docet,</strong></span> <span class='ocrx_word' id='word_1_85' title='bbox 967 1880 1100 1930; x_wconf 87' lang='lat' dir='ltr'><strong>tom.</strong></span> <span class='ocrx_word' id='word_1_86' title='bbox 1127 1876 1156 1929; x_wconf 87' lang='lat'>1</span> <span class='ocrx_word' id='word_1_87' title='bbox 1173 1914 1189 1941; x_wconf 91' lang='lat'><strong>,</strong></span> <span class='ocrx_word' id='word_1_88' title='bbox 1213 1890 1331 1947; x_wconf 73' lang='lat' dir='ltr'><strong>pag.</strong></span> <span class='ocrx_word' id='word_1_89' title='bbox 1357 1882 1451 1940; x_wconf 68' lang='lat'><strong>24,</strong></span> <span class='ocrx_word' id='word_1_90' title='bbox 1473 1894 1601 1929; x_wconf 88' lang='lat' dir='ltr'><strong>ern-</strong></span> 
     </span>
     <span class='ocr_line' id='line_1_15' title="bbox 565 1956 1601 2026; baseline -0.005 -12"><span class='ocrx_word' id='word_1_91' title='bbox 565 1959 856 2014; x_wconf 85' lang='lat' dir='ltr'><strong>ditissimus</strong></span> <span class='ocrx_word' id='word_1_92' title='bbox 875 1958 960 2010; x_wconf 81' lang='lat' dir='ltr'><strong>vir</strong></span> <span class='ocrx_word' id='word_1_93' title='bbox 983 1956 1387 2017; x_wconf 71' lang='lat' dir='ltr'><strong>Pouqunvuu</strong></span> <span class='ocrx_word' id='word_1_94' title='bbox 1405 1993 1421 2020; x_wconf 91' lang='lat'><strong>,</strong></span> <span class='ocrx_word' id='word_1_95' title='bbox 1448 1956 1601 2026; x_wconf 87' lang='lat' dir='ltr'><strong>cujus</strong></span> 
     </span>
    </p>
   </div>
   <div class='ocr_carea' id='block_1_6' title="bbox 565 2032 1604 2111">
    <p class='ocr_par' dir='ltr' id='par_1_7' title="bbox 565 2032 1604 2111">
     <span class='ocr_line' id='line_1_16' title="bbox 565 2032 1604 2111; baseline -0.01 -18"><span class='ocrx_word' id='word_1_96' title='bbox 565 2040 835 2111; x_wconf 73' lang='lat' dir='ltr'><strong>egregium</strong></span> <span class='ocrx_word' id='word_1_97' title='bbox 851 2052 1016 2108; x_wconf 87' lang='lat' dir='ltr'><strong>opus,</strong></span> <span class='ocrx_word' id='word_1_98' title='bbox 1033 2036 1120 2089; x_wconf 84' lang='lat' dir='ltr'><strong>cui</strong></span> <span class='ocrx_word' id='word_1_99' title='bbox 1134 2035 1322 2089; x_wconf 86' lang='lat' dir='ltr'><strong>titulus</strong></span> <span class='ocrx_word' id='word_1_100' title='bbox 1339 2046 1418 2087; x_wconf 86' lang='lat' dir='ltr'><strong>est</strong></span> <span class='ocrx_word' id='word_1_101' title='bbox 1437 2032 1604 2106; x_wconf 62' lang='lat' dir='ltr'><strong>Vosa-</strong></span> 
     </span>
    </p>
   </div>
   <div class='ocr_carea' id='block_1_7' title="bbox 563 2111 1605 4172">
    <p class='ocr_par' dir='ltr' id='par_1_8' title="bbox 563 2111 1603 3221">
     <span class='ocr_line' id='line_1_17' title="bbox 563 2111 1601 2190; baseline -0.005 -18"><span class='ocrx_word' id='word_1_102' title='bbox 563 2140 628 2190; x_wconf 72' lang='lat' dir='ltr'><strong>ge</strong></span> <span class='ocrx_word' id='word_1_103' title='bbox 661 2139 720 2171; x_wconf 76' lang='lat' dir='ltr'><strong>en</strong></span> <span class='ocrx_word' id='word_1_104' title='bbox 753 2117 941 2181; x_wconf 64' lang='lat' dir='ltr'><strong>Graec,</strong></span> <span class='ocrx_word' id='word_1_105' title='bbox 969 2115 1142 2168; x_wconf 78' lang='lat' dir='ltr'><strong>multa</strong></span> <span class='ocrx_word' id='word_1_106' title='bbox 1172 2130 1341 2185; x_wconf 84' lang='lat' dir='ltr'><strong>usque</strong></span> <span class='ocrx_word' id='word_1_107' title='bbox 1363 2111 1434 2167; x_wconf 81' lang='lat' dir='ltr'><strong>sd</strong></span> <span class='ocrx_word' id='word_1_108' title='bbox 1453 2113 1601 2167; x_wconf 88' lang='lat' dir='ltr'><strong>hunc</strong></span> 
     </span>
     <span class='ocr_line' id='line_1_18' title="bbox 565 2192 1600 2264; baseline -0.005 -13"><span class='ocrx_word' id='word_1_109' title='bbox 565 2198 711 2251; x_wconf 85' lang='lat' dir='ltr'><strong>diem</strong></span> <span class='ocrx_word' id='word_1_110' title='bbox 753 2197 840 2249; x_wconf 78' lang='lat' dir='ltr'><strong>vel</strong></span> <span class='ocrx_word' id='word_1_111' title='bbox 885 2193 1205 2249; x_wconf 76' lang='lat' dir='ltr'><strong>doctissimis</strong></span> <span class='ocrx_word' id='word_1_112' title='bbox 1247 2193 1378 2245; x_wconf 79' lang='lat' dir='ltr'><strong>viris</strong></span> <span class='ocrx_word' id='word_1_113' title='bbox 1418 2192 1600 2264; x_wconf 74' lang='lat' dir='ltr'><strong>ignota</strong></span> 
     </span>
     <span class='ocr_line' id='line_1_19' title="bbox 567 2270 1603 2349; baseline -0.008 -18"><span class='ocrx_word' id='word_1_114' title='bbox 567 2290 729 2349; x_wconf 71' lang='lat' dir='ltr'><strong>etque</strong></span> <span class='ocrx_word' id='word_1_115' title='bbox 771 2275 990 2347; x_wconf 80' lang='lat' dir='ltr'><strong>penitus</strong></span> <span class='ocrx_word' id='word_1_116' title='bbox 1028 2270 1336 2327; x_wconf 79' lang='lat' dir='ltr'><strong>abscondita</strong></span> <span class='ocrx_word' id='word_1_117' title='bbox 1369 2272 1426 2325; x_wconf 89' lang='lat' dir='ltr'><strong>in</strong></span> <span class='ocrx_word' id='word_1_118' title='bbox 1463 2272 1603 2324; x_wconf 79' lang='lat' dir='ltr'><strong>vivi·</strong></span> 
     </span>
     <span class='ocr_line' id='line_1_20' title="bbox 566 2350 1601 2425; baseline -0.006 -16"><span class='ocrx_word' id='word_1_119' title='bbox 566 2356 702 2409; x_wconf 83' lang='lat' dir='ltr'><strong>dum</strong></span> <span class='ocrx_word' id='word_1_120' title='bbox 739 2356 920 2407; x_wconf 87' lang='lat' dir='ltr'><strong>lumen</strong></span> <span class='ocrx_word' id='word_1_121' title='bbox 950 2353 1194 2425; x_wconf 72' lang='lat' dir='ltr'><strong>protulit.</strong></span> <span class='ocrx_word' id='word_1_122' title='bbox 1237 2350 1463 2404; x_wconf 78' lang='lat' dir='ltr'><strong>Minime</strong></span> <span class='ocrx_word' id='word_1_123' title='bbox 1498 2352 1601 2403; x_wconf 87' lang='lat' dir='ltr'><strong>mi·</strong></span> 
     </span>
     <span class='ocr_line' id='line_1_21' title="bbox 567 2428 1602 2505; baseline -0.008 -15"><span class='ocrx_word' id='word_1_124' title='bbox 567 2454 692 2489; x_wconf 88' lang='lat' dir='ltr'><strong>rum</strong></span> <span class='ocrx_word' id='word_1_125' title='bbox 723 2452 852 2505; x_wconf 76' lang='lat' dir='ltr'><strong>ergo</strong></span> <span class='ocrx_word' id='word_1_126' title='bbox 874 2432 1064 2486; x_wconf 82' lang='lat' dir='ltr'><strong>lectori</strong></span> <span class='ocrx_word' id='word_1_127' title='bbox 1081 2428 1373 2495; x_wconf 80' lang='lat' dir='ltr'><strong>videbitur,</strong></span> <span class='ocrx_word' id='word_1_128' title='bbox 1398 2430 1444 2483; x_wconf 87' lang='lat' dir='ltr'><strong>si</strong></span> <span class='ocrx_word' id='word_1_129' title='bbox 1459 2446 1602 2502; x_wconf 66' lang='lat' dir='ltr'><strong>sape</strong></span> 
     </span>
     <span class='ocr_line' id='line_1_22' title="bbox 568 2508 1601 2587; baseline -0.005 -19"><span class='ocrx_word' id='word_1_130' title='bbox 568 2516 764 2587; x_wconf 62' lang='lat' dir='ltr'><strong>sepius</strong></span> <span class='ocrx_word' id='word_1_131' title='bbox 791 2530 891 2567; x_wconf 84' lang='lat' dir='ltr'><strong>uos</strong></span> <span class='ocrx_word' id='word_1_132' title='bbox 919 2511 1065 2565; x_wconf 89' lang='lat' dir='ltr'><strong>hunc</strong></span> <span class='ocrx_word' id='word_1_133' title='bbox 1089 2524 1196 2565; x_wconf 78' lang='lat' dir='ltr'><strong>tam</strong></span> <span class='ocrx_word' id='word_1_134' title='bbox 1217 2508 1388 2563; x_wconf 78' lang='lat' dir='ltr'><strong>fidum</strong></span> <span class='ocrx_word' id='word_1_135' title='bbox 1412 2518 1601 2563; x_wconf 80' lang='lat' dir='ltr'><strong>testem</strong></span> 
     </span>
     <span class='ocr_line' id='line_1_23' title="bbox 569 2587 1601 2659; baseline -0.008 -11"><span class='ocrx_word' id='word_1_136' title='bbox 569 2596 898 2659; x_wconf 75' lang='lat' dir='ltr'><strong>invocemus,</strong></span> <span class='ocrx_word' id='word_1_137' title='bbox 931 2602 1041 2644; x_wconf 79' lang='lat' dir='ltr'><strong>tam</strong></span> <span class='ocrx_word' id='word_1_138' title='bbox 1069 2602 1280 2644; x_wconf 84' lang='lat' dir='ltr'><strong>certum.</strong></span> <span class='ocrx_word' id='word_1_139' title='bbox 1307 2587 1501 2642; x_wconf 76' lang='lat' dir='ltr'><strong>ducem</strong></span> <span class='ocrx_word' id='word_1_140' title='bbox 1518 2606 1601 2641; x_wconf 66' lang='lat' dir='ltr'><strong>sea·</strong></span> 
     </span>
     <span class='ocr_line' id='line_1_24' title="bbox 570 2668 1601 2745; baseline -0.007 -19"><span class='ocrx_word' id='word_1_141' title='bbox 570 2674 671 2745; x_wconf 83' lang='lat' dir='ltr'><strong>qui</strong></span> <span class='ocrx_word' id='word_1_142' title='bbox 731 2690 845 2726; x_wconf 91' lang='lat' dir='ltr'><strong>non</strong></span> <span class='ocrx_word' id='word_1_143' title='bbox 915 2668 1241 2723; x_wconf 71' lang='lat' dir='ltr'><strong>dubitemus.</strong></span> <span class='ocrx_word' id='word_1_144' title='bbox 1297 2668 1601 2721; x_wconf 76' lang='lat' dir='ltr'><strong>Plurimum</strong></span> 
     </span>
     <span class='ocr_line' id='line_1_25' title="bbox 570 2744 1603 2821; baseline -0.007 -15"><span class='ocrx_word' id='word_1_145' title='bbox 570 2754 699 2805; x_wconf 79' lang='lat' dir='ltr'><strong>item</strong></span> <span class='ocrx_word' id='word_1_146' title='bbox 718 2750 876 2805; x_wconf 89' lang='lat' dir='ltr'><strong>nobis</strong></span> <span class='ocrx_word' id='word_1_147' title='bbox 897 2746 1143 2821; x_wconf 86' lang='lat' dir='ltr'><strong>proderit</strong></span> <span class='ocrx_word' id='word_1_148' title='bbox 1175 2748 1232 2800; x_wconf 91' lang='lat' dir='ltr'><strong>in</strong></span> <span class='ocrx_word' id='word_1_149' title='bbox 1254 2744 1603 2819; x_wconf 82' lang='lat' dir='ltr'><strong>dispellendis</strong></span> 
     </span>
     <span class='ocr_line' id='line_1_26' title="bbox 571 2826 1601 2903; baseline -0.008 -16"><span class='ocrx_word' id='word_1_150' title='bbox 571 2850 690 2903; x_wconf 76' lang='lat' dir='ltr'><strong>quae</strong></span> <span class='ocrx_word' id='word_1_151' title='bbox 717 2829 1038 2885; x_wconf 80' lang='lat' dir='ltr'><strong>incumlmnt</strong></span> <span class='ocrx_word' id='word_1_152' title='bbox 1061 2827 1231 2881; x_wconf 79' lang='lat' dir='ltr'><strong>veteri</strong></span> <span class='ocrx_word' id='word_1_153' title='bbox 1259 2826 1481 2881; x_wconf 67' lang='lat' dir='ltr'><strong>Graecias</strong></span> <span class='ocrx_word' id='word_1_154' title='bbox 1527 2838 1601 2879; x_wconf 85' lang='lat' dir='ltr'><strong>te·-</strong></span> 
     </span>
     <span class='ocr_line' id='line_1_27' title="bbox 571 2906 1603 2976; baseline -0.007 -11"><span class='ocrx_word' id='word_1_155' title='bbox 571 2912 754 2965; x_wconf 84' lang='lat' dir='ltr'><strong>nebris</strong></span> <span class='ocrx_word' id='word_1_156' title='bbox 768 2948 786 2976; x_wconf 85' lang='lat'><strong>,</strong></span> <span class='ocrx_word' id='word_1_157' title='bbox 832 2907 1222 2965; x_wconf 78' lang='lat' dir='ltr'><strong>accuratissima</strong></span> <span class='ocrx_word' id='word_1_158' title='bbox 1251 2918 1306 2959; x_wconf 88' lang='lat' dir='ltr'><strong>et</strong></span> <span class='ocrx_word' id='word_1_159' title='bbox 1337 2906 1603 2959; x_wconf 75' lang='lat' dir='ltr'><strong>excellens</strong></span> 
     </span>
     <span class='ocr_line' id='line_1_28' title="bbox 571 2984 1602 3063; baseline -0.004 -20"><span class='ocrx_word' id='word_1_160' title='bbox 571 3009 772 3063; x_wconf 75' lang='lat' dir='ltr'><strong>mappa</strong></span> <span class='ocrx_word' id='word_1_161' title='bbox 784 3027 803 3054; x_wconf 87' lang='lat'><strong>,</strong></span> <span class='ocrx_word' id='word_1_162' title='bbox 819 3004 982 3061; x_wconf 84' lang='lat' dir='ltr'><strong>quam</strong></span> <span class='ocrx_word' id='word_1_163' title='bbox 1004 3006 1180 3059; x_wconf 84' lang='lat' dir='ltr'><strong>nuper</strong></span> <span class='ocrx_word' id='word_1_164' title='bbox 1192 2984 1361 3039; x_wconf 85' lang='lat' dir='ltr'><strong>edidit</strong></span> <span class='ocrx_word' id='word_1_165' title='bbox 1373 2986 1602 3058; x_wconf 82' lang='lat' dir='ltr'><strong>inclytus</strong></span> 
     </span>
     <span class='ocr_line' id='line_1_29' title="bbox 571 3064 1603 3136; baseline -0.004 -13"><span class='ocrx_word' id='word_1_166' title='bbox 571 3070 660 3123; x_wconf 79' lang='lat' dir='ltr'><strong>vir</strong></span> <span class='ocrx_word' id='word_1_167' title='bbox 689 3070 734 3122; x_wconf 86' lang='lat' dir='ltr'><strong>Ie</strong></span> <span class='ocrx_word' id='word_1_168' title='bbox 764 3068 1002 3121; x_wconf 66' lang='lat' dir='ltr'><strong>chevalier</strong></span> <span class='ocrx_word' id='word_1_169' title='bbox 1031 3066 1233 3131; x_wconf 71' lang='lat' dir='ltr'><strong>Lsrrz,</strong></span> <span class='ocrx_word' id='word_1_170' title='bbox 1261 3065 1404 3118; x_wconf 85' lang='lat' dir='ltr'><strong>inter</strong></span> <span class='ocrx_word' id='word_1_171' title='bbox 1427 3064 1603 3136; x_wconf 82' lang='lat' dir='ltr'><strong>regios</strong></span> 
     </span>
     <span class='ocr_line' id='line_1_30' title="bbox 571 3144 1601 3221; baseline -0.005 -20"><span class='ocrx_word' id='word_1_172' title='bbox 571 3147 906 3221; x_wconf 67' lang='lat' dir='ltr'><strong>geographos</strong></span> <span class='ocrx_word' id='word_1_173' title='bbox 930 3144 1199 3218; x_wconf 82' lang='lat' dir='ltr'><strong>princeps,</strong></span> <span class='ocrx_word' id='word_1_174' title='bbox 1223 3144 1405 3197; x_wconf 75' lang='lat' dir='ltr'><strong>Hsnn.</strong></span> <span class='ocrx_word' id='word_1_175' title='bbox 1422 3156 1477 3197; x_wconf 88' lang='lat' dir='ltr'><strong>et</strong></span> <span class='ocrx_word' id='word_1_176' title='bbox 1494 3146 1601 3207; x_wconf 75' lang='lat' dir='ltr'><strong>Eu.</strong></span> 
     </span>
    </p>

    <p class='ocr_par' dir='ltr' id='par_1_9' title="bbox 573 3222 1603 4013">
     <span class='ocr_line' id='line_1_31' title="bbox 658 3222 1601 3297; baseline -0.004 -14"><span class='ocrx_word' id='word_1_177' title='bbox 658 3230 714 3284; x_wconf 88' lang='grc'><strong>8.</strong></span> <span class='ocrx_word' id='word_1_178' title='bbox 743 3228 982 3297; x_wconf 59' lang='grc' dir='ltr'><strong>ΟΙραοηω.</strong></span> <span class='ocrx_word' id='word_1_179' title='bbox 1004 3225 1194 3287; x_wconf 68' lang='grc' dir='ltr'>Χάονας</span> <span class='ocrx_word' id='word_1_180' title='bbox 1222 3224 1492 3290; x_wconf 83' lang='lat' dir='ltr'><strong>Straboni,</strong></span> <span class='ocrx_word' id='word_1_181' title='bbox 1503 3222 1601 3279; x_wconf 86' lang='lat' dir='ltr'><strong>lib.</strong></span> 
     </span>
     <span class='ocr_line' id='line_1_32' title="bbox 575 3303 1603 3378; baseline -0.002 -19"><span class='ocrx_word' id='word_1_182' title='bbox 575 3304 706 3373; x_wconf 82' lang='lat' dir='ltr'><strong>vn,</strong></span> <span class='ocrx_word' id='word_1_183' title='bbox 735 3324 856 3378; x_wconf 75' lang='lat' dir='ltr'><strong>pag.</strong></span> <span class='ocrx_word' id='word_1_184' title='bbox 892 3304 1027 3359; x_wconf 73' lang='lat'><strong>323.</strong></span> <span class='ocrx_word' id='word_1_185' title='bbox 1057 3303 1170 3357; x_wconf 86' lang='lat' dir='ltr'><strong>Hos</strong></span> <span class='ocrx_word' id='word_1_186' title='bbox 1203 3304 1277 3357; x_wconf 76' lang='lat' dir='ltr'><strong>sit</strong></span> <span class='ocrx_word' id='word_1_187' title='bbox 1301 3303 1472 3375; x_wconf 85' lang='lat' dir='ltr'><strong>Epiro</strong></span> <span class='ocrx_word' id='word_1_188' title='bbox 1503 3304 1603 3357; x_wconf 85' lang='lat' dir='ltr'><strong>toti</strong></span> 
     </span>
     <span class='ocr_line' id='line_1_33' title="bbox 573 3380 1602 3459; baseline -0.006 -19"><span class='ocrx_word' id='word_1_189' title='bbox 573 3388 810 3459; x_wconf 85' lang='lat' dir='ltr'><strong>primum</strong></span> <span class='ocrx_word' id='word_1_190' title='bbox 841 3384 1172 3456; x_wconf 76' lang='lat' dir='ltr'><strong>imperitasse</strong></span> <span class='ocrx_word' id='word_1_191' title='bbox 1189 3423 1205 3450; x_wconf 90' lang='lat'><strong>,</strong></span> <span class='ocrx_word' id='word_1_192' title='bbox 1247 3380 1443 3436; x_wconf 89' lang='lat' dir='ltr'><strong>deinde</strong></span> <span class='ocrx_word' id='word_1_193' title='bbox 1480 3382 1602 3435; x_wconf 80' lang='grc' dir='ltr'><strong>Μο-</strong></span> 
     </span>
     <span class='ocr_line' id='line_1_34' title="bbox 575 3462 1602 3519; baseline -0.004 0"><span class='ocrx_word' id='word_1_194' title='bbox 575 3468 757 3519; x_wconf 81' lang='lat' dir='ltr'><strong>iussos.</strong></span> <span class='ocrx_word' id='word_1_195' title='bbox 816 3464 1104 3518; x_wconf 79' lang='lat' dir='ltr'><strong>Chaonum</strong></span> <span class='ocrx_word' id='word_1_196' title='bbox 1172 3462 1276 3515; x_wconf 84' lang='lat' dir='ltr'><strong>fuit</strong></span> <span class='ocrx_word' id='word_1_197' title='bbox 1329 3462 1602 3515; x_wconf 83' lang='lat' dir='ltr'><strong>castellum</strong></span> 
     </span>
     <span class='ocr_line' id='line_1_35' title="bbox 575 3539 1601 3612; baseline -0.004 -13"><span class='ocrx_word' id='word_1_198' title='bbox 575 3545 846 3609; x_wconf 71' lang='lat' dir='ltr'><strong>Chimera,</strong></span> <span class='ocrx_word' id='word_1_199' title='bbox 868 3544 925 3597; x_wconf 88' lang='lat' dir='ltr'><strong>in</strong></span> <span class='ocrx_word' id='word_1_200' title='bbox 952 3542 1357 3597; x_wconf 68' lang='lat' dir='ltr'><strong>Acrocerauniis</strong></span> <span class='ocrx_word' id='word_1_201' title='bbox 1373 3580 1390 3606; x_wconf 85' lang='lat'><strong>,</strong></span> <span class='ocrx_word' id='word_1_202' title='bbox 1407 3539 1478 3594; x_wconf 87' lang='lat' dir='ltr'><strong>de</strong></span> <span class='ocrx_word' id='word_1_203' title='bbox 1491 3559 1601 3612; x_wconf 85' lang='lat' dir='ltr'><strong>quo</strong></span> 
     </span>
     <span class='ocr_line' id='line_1_36' title="bbox 575 3618 1603 3677; baseline -0.005 0"><span class='ocrx_word' id='word_1_204' title='bbox 575 3642 700 3677; x_wconf 82' lang='lat' dir='ltr'><strong>mox</strong></span> <span class='ocrx_word' id='word_1_205' title='bbox 726 3622 954 3677; x_wconf 84' lang='lat' dir='ltr'><strong>dicetur.</strong></span> <span class='ocrx_word' id='word_1_206' title='bbox 979 3621 1162 3675; x_wconf 77' lang='lat' dir='ltr'><strong>Eum.</strong></span> <span class='ocrx_word' id='word_1_207' title='bbox 1194 3652 1276 3663; x_wconf 92' lang='lat'>—</span> <span class='ocrx_word' id='word_1_208' title='bbox 1291 3618 1468 3674; x_wconf 86' lang='lat' dir='ltr'><strong>Hodie</strong></span> <span class='ocrx_word' id='word_1_209' title='bbox 1488 3638 1603 3673; x_wconf 75' lang='lat' dir='ltr'><strong>can-</strong></span> 
     </span>
     <span class='ocr_line' id='line_1_37' title="bbox 577 3700 1601 3772; baseline -0.004 -17"><span class='ocrx_word' id='word_1_210' title='bbox 577 3716 683 3755; x_wconf 77' lang='lat' dir='ltr'><strong>tom</strong></span> <span class='ocrx_word' id='word_1_211' title='bbox 706 3704 768 3756; x_wconf 80' lang='lat' dir='ltr'><strong>de</strong></span> <span class='ocrx_word' id='word_1_212' title='bbox 797 3700 1020 3755; x_wconf 73' lang='lat' dir='ltr'><strong>Chimera</strong></span> <span class='ocrx_word' id='word_1_213' title='bbox 1035 3739 1054 3766; x_wconf 88' lang='lat'><strong>,</strong></span> <span class='ocrx_word' id='word_1_214' title='bbox 1075 3703 1300 3772; x_wconf 74' lang='lat' dir='ltr'><strong>lapaut-ie</strong></span> <span class='ocrx_word' id='word_1_215' title='bbox 1315 3738 1332 3769; x_wconf 82' lang='lat'><strong>,</strong></span> <span class='ocrx_word' id='word_1_216' title='bbox 1358 3700 1569 3752; x_wconf 77' lang='lat' dir='ltr'><strong>Arbon‘e</strong></span> <span class='ocrx_word' id='word_1_217' title='bbox 1583 3734 1601 3767; x_wconf 77' lang='lat'><strong>,</strong></span> 
     </span>
     <span class='ocr_line' id='line_1_38' title="bbox 575 3778 1601 3846; baseline -0.002 -13"><span class='ocrx_word' id='word_1_218' title='bbox 575 3782 896 3835; x_wconf 80' lang='lat' dir='ltr'><strong>Pamealoma</strong></span> <span class='ocrx_word' id='word_1_219' title='bbox 924 3792 978 3833; x_wconf 84' lang='lat' dir='ltr'><strong>et</strong></span> <span class='ocrx_word' id='word_1_220' title='bbox 997 3780 1246 3846; x_wconf 71' lang='lat' dir='ltr'><strong>Philam,</strong></span> <span class='ocrx_word' id='word_1_221' title='bbox 1271 3792 1334 3833; x_wconf 85' lang='lat' dir='ltr'><strong>ut</strong></span> <span class='ocrx_word' id='word_1_222' title='bbox 1362 3778 1436 3831; x_wconf 82' lang='lat' dir='ltr'><strong>ait</strong></span> <span class='ocrx_word' id='word_1_223' title='bbox 1455 3779 1601 3832; x_wconf 81' lang='lat' dir='ltr'><strong>Pou-</strong></span> 
     </span>
     <span class='ocr_line' id='line_1_39' title="bbox 577 3856 1602 3926; baseline -0.003 -12"><span class='ocrx_word' id='word_1_224' title='bbox 577 3878 884 3926; x_wconf 75' lang='lat' dir='ltr'><strong>Qunvrm,</strong></span> <span class='ocrx_word' id='word_1_225' title='bbox 927 3872 1059 3913; x_wconf 84' lang='lat' dir='ltr'><strong>tom.</strong></span> <span class='ocrx_word' id='word_1_226' title='bbox 1097 3860 1156 3924; x_wconf 88' lang='lat'><strong>1,</strong></span> <span class='ocrx_word' id='word_1_227' title='bbox 1190 3856 1602 3924; x_wconf 78' lang='lat' dir='ltr'><strong>Introduction,</strong></span> 
     </span>
     <span class='ocr_line' id='line_1_40' title="bbox 576 3939 999 4013; baseline -0.002 -20"><span class='ocrx_word' id='word_1_228' title='bbox 576 3960 696 4013; x_wconf 72' lang='lat' dir='ltr'><strong>pag.</strong></span> <span class='ocrx_word' id='word_1_229' title='bbox 725 3957 868 3993; x_wconf 71' lang='lat' dir='ltr'><strong>xxiv.</strong></span> <span class='ocrx_word' id='word_1_230' title='bbox 893 3939 999 3992; x_wconf 86' lang='lat' dir='ltr'><strong>Eu.</strong></span> 
     </span>
    </p>

    <p class='ocr_par' dir='ltr' id='par_1_10' title="bbox 571 4017 1605 4172">
     <span class='ocr_line' id='line_1_41' title="bbox 654 4017 1603 4089; baseline -0.003 -16"><span class='ocrx_word' id='word_1_231' title='bbox 654 4039 705 4089; x_wconf 89' lang='lat'><strong>9.</strong></span> <span class='ocrx_word' id='word_1_232' title='bbox 732 4020 1002 4088; x_wconf 69' lang='lat' dir='ltr'><strong>Thesproti.</strong></span> <span class='ocrx_word' id='word_1_233' title='bbox 1019 4018 1310 4089; x_wconf 71' lang='grc' dir='ltr'><strong>Θισκρωτοὶ</strong></span> <span class='ocrx_word' id='word_1_234' title='bbox 1329 4017 1603 4083; x_wconf 75' lang='lat' dir='ltr'><strong>Straboni,</strong></span> 
     </span>
     <span class='ocr_line' id='line_1_42' title="bbox 571 4095 1605 4172; baseline -0.004 -19"><span class='ocrx_word' id='word_1_235' title='bbox 571 4120 626 4172; x_wconf 88' lang='lat' dir='ltr'><strong>p.</strong></span> <span class='ocrx_word' id='word_1_236' title='bbox 659 4100 792 4164; x_wconf 73' lang='lat'><strong>324.</strong></span> <span class='ocrx_word' id='word_1_237' title='bbox 824 4097 1033 4153; x_wconf 82' lang='lat' dir='ltr'><strong>Horum</strong></span> <span class='ocrx_word' id='word_1_238' title='bbox 1072 4095 1340 4169; x_wconf 87' lang='lat' dir='ltr'><strong>oppidum</strong></span> <span class='ocrx_word' id='word_1_239' title='bbox 1374 4097 1605 4151; x_wconf 87' lang='lat' dir='ltr'><strong>Buthro-</strong></span> 
     </span>
    </p>
   </div>
   <div class='ocr_carea' id='block_1_8' title="bbox 1678 1251 2719 1348">
    <p class='ocr_par' dir='ltr' id='par_1_11' title="bbox 1678 1251 2719 1348">
     <span class='ocr_line' id='line_1_43' title="bbox 1678 1251 2719 1348; baseline -0.003 -24"><span class='ocrx_word' id='word_1_240' title='bbox 1678 1253 1865 1325; x_wconf 90' lang='lat' dir='ltr'><strong>locus</strong></span> <span class='ocrx_word' id='word_1_241' title='bbox 1900 1257 2163 1327; x_wconf 83' lang='lat' dir='ltr'><strong>Aornos</strong></span> <span class='ocrx_word' id='word_1_242' title='bbox 2185 1251 2258 1342; x_wconf 84' lang='lat'><strong>¹¹,</strong></span> <span class='ocrx_word' id='word_1_243' title='bbox 2292 1266 2363 1322; x_wconf 87' lang='lat' dir='ltr'><strong>et</strong></span> <span class='ocrx_word' id='word_1_244' title='bbox 2404 1252 2719 1348; x_wconf 60' lang='lat' dir='ltr'><strong>pestifera</strong></span> 
     </span>
    </p>
   </div>
   <div class='ocr_carea' id='block_1_9' title="bbox 1685 1548 2735 4171">
    <p class='ocr_par' dir='ltr' id='par_1_12' title="bbox 1685 1548 2723 1785">
     <span class='ocr_line' id='line_1_44' title="bbox 1685 1548 2723 1631; baseline -0.002 -19"><span class='ocrx_word' id='word_1_245' title='bbox 1685 1572 1823 1625; x_wconf 84' lang='lat' dir='ltr'><strong>tum,</strong></span> <span class='ocrx_word' id='word_1_246' title='bbox 1854 1556 1925 1612; x_wconf 87' lang='lat' dir='ltr'><strong>de</strong></span> <span class='ocrx_word' id='word_1_247' title='bbox 1947 1578 2057 1631; x_wconf 83' lang='lat' dir='ltr'><strong>quo</strong></span> <span class='ocrx_word' id='word_1_248' title='bbox 2082 1558 2279 1612; x_wconf 82' lang='lat' dir='ltr'><strong>statim.</strong></span> <span class='ocrx_word' id='word_1_249' title='bbox 2302 1550 2485 1611; x_wconf 65' lang='grc' dir='ltr'>ΒΑΜ).</span> <span class='ocrx_word' id='word_1_250' title='bbox 2512 1548 2723 1611; x_wconf 70' lang='lat' dir='ltr'><strong>—Ho-</strong></span> 
     </span>
     <span class='ocr_line' id='line_1_45' title="bbox 1686 1637 2723 1711; baseline -0.002 -19"><span class='ocrx_word' id='word_1_251' title='bbox 1686 1637 1777 1692; x_wconf 88' lang='lat' dir='ltr'><strong>die</strong></span> <span class='ocrx_word' id='word_1_252' title='bbox 1812 1638 2162 1711; x_wconf 75' lang='lat' dir='ltr'><strong>Pmmyehia,</strong></span> <span class='ocrx_word' id='word_1_253' title='bbox 2198 1650 2418 1691; x_wconf 75' lang='lat' dir='ltr'><strong>auctore</strong></span> <span class='ocrx_word' id='word_1_254' title='bbox 2456 1637 2723 1699; x_wconf 68' lang='lat' dir='ltr'><strong>1³01!qu-</strong></span> 
     </span>
     <span class='ocr_line' id='line_1_46' title="bbox 1686 1716 2265 1785; baseline -0.005 -13"><span class='ocrx_word' id='word_1_255' title='bbox 1686 1736 1881 1785; x_wconf 69' lang='lat' dir='ltr'><strong>uun,</strong></span> <span class='ocrx_word' id='word_1_256' title='bbox 1902 1718 2025 1771; x_wconf 88' lang='lat' dir='ltr'><strong>loco</strong></span> <span class='ocrx_word' id='word_1_257' title='bbox 2046 1716 2139 1771; x_wconf 80' lang='lat' dir='ltr'><strong>cit.</strong></span> <span class='ocrx_word' id='word_1_258' title='bbox 2160 1718 2265 1771; x_wconf 85' lang='lat' dir='ltr'><strong>En.</strong></span> 
     </span>
    </p>

    <p class='ocr_par' dir='ltr' id='par_1_13' title="bbox 1687 1794 2727 2742">
     <span class='ocr_line' id='line_1_47' title="bbox 1774 1794 2725 1867; baseline -0.002 -16"><span class='ocrx_word' id='word_1_259' title='bbox 1774 1817 1860 1851; x_wconf 78' lang='grc' dir='ltr'><strong>ιο.</strong></span> <span class='ocrx_word' id='word_1_260' title='bbox 1914 1798 2286 1866; x_wconf 67' lang='lat' dir='ltr'><strong>Antigonen-ses.</strong></span> <span class='ocrx_word' id='word_1_261' title='bbox 2338 1794 2423 1848; x_wconf 78' lang='lat' dir='ltr'><strong>Ab</strong></span> <span class='ocrx_word' id='word_1_262' title='bbox 2474 1794 2687 1867; x_wconf 85' lang='lat' dir='ltr'><strong>oppido</strong></span> <span class='ocrx_word' id='word_1_263' title='bbox 2704 1834 2725 1861; x_wconf 77' lang='lat'><strong>,</strong></span> 
     </span>
     <span class='ocr_line' id='line_1_48' title="bbox 1688 1868 2717 1949; baseline -0.003 -19"><span class='ocrx_word' id='word_1_264' title='bbox 1688 1878 1839 1949; x_wconf 84' lang='lat' dir='ltr'><strong>cujus</strong></span> <span class='ocrx_word' id='word_1_265' title='bbox 1860 1876 2105 1929; x_wconf 84' lang='lat' dir='ltr'><strong>meminit</strong></span> <span class='ocrx_word' id='word_1_266' title='bbox 2118 1876 2441 1929; x_wconf 73' lang='lat' dir='ltr'><strong>Ptolemoeus</strong></span> <span class='ocrx_word' id='word_1_267' title='bbox 2455 1914 2471 1939; x_wconf 85' lang='lat'><strong>,</strong></span> <span class='ocrx_word' id='word_1_268' title='bbox 2486 1875 2581 1929; x_wconf 80' lang='lat' dir='ltr'><strong>lib.</strong></span> <span class='ocrx_word' id='word_1_269' title='bbox 2608 1868 2717 1939; x_wconf 83' lang='lat'><strong>111,</strong></span> 
     </span>
     <span class='ocr_line' id='line_1_49' title="bbox 1687 1952 2722 2027; baseline -0.002 -18"><span class='ocrx_word' id='word_1_270' title='bbox 1687 1974 1807 2027; x_wconf 77' lang='lat' dir='ltr'><strong>cap.</strong></span> <span class='ocrx_word' id='word_1_271' title='bbox 1837 1960 1927 2019; x_wconf 69' lang='lat'><strong>14.</strong></span> <span class='ocrx_word' id='word_1_272' title='bbox 1953 1955 2008 2007; x_wconf 90' lang='lat' dir='ltr'><strong>in</strong></span> <span class='ocrx_word' id='word_1_273' title='bbox 2026 1955 2281 2011; x_wconf 69' lang='lat' dir='ltr'><strong>Chaonio</strong></span> <span class='ocrx_word' id='word_1_274' title='bbox 2294 1952 2722 2020; x_wconf 80' lang='lat' dir='ltr'><strong>mediterraneo,</strong></span> 
     </span>
     <span class='ocr_line' id='line_1_50' title="bbox 1688 2026 2724 2107; baseline -0.003 -17"><span class='ocrx_word' id='word_1_275' title='bbox 1688 2028 1995 2107; x_wconf 73' lang='grc' dir='ltr'><strong>Ᾰντιγόνιια..</strong></span> <span class='ocrx_word' id='word_1_276' title='bbox 2019 2035 2318 2107; x_wconf 73' lang='lat' dir='ltr'><strong>Stephanus</strong></span> <span class='ocrx_word' id='word_1_277' title='bbox 2336 2050 2556 2105; x_wconf 84' lang='lat' dir='ltr'><strong>quoque</strong></span> <span class='ocrx_word' id='word_1_278' title='bbox 2580 2052 2597 2086; x_wconf 90' lang='lat'><strong>:</strong></span> <span class='ocrx_word' id='word_1_279' title='bbox 2620 2026 2724 2088; x_wconf 72' lang='grc' dir='ltr'><strong>Ᾰν·</strong></span> 
     </span>
     <span class='ocr_line' id='line_1_51' title="bbox 1688 2102 2723 2186; baseline -0.002 -18"><span class='ocrx_word' id='word_1_280' title='bbox 1688 2116 1907 2186; x_wconf 74' lang='grc' dir='ltr'><strong>τιγόνιια</strong></span> <span class='ocrx_word' id='word_1_281' title='bbox 1926 2152 1945 2179; x_wconf 86' lang='grc'><strong>,</strong></span> <span class='ocrx_word' id='word_1_282' title='bbox 1974 2116 2115 2176; x_wconf 75' lang='grc' dir='ltr'>πόλις</span> <span class='ocrx_word' id='word_1_283' title='bbox 2140 2116 2359 2174; x_wconf 64' lang='grc' dir='ltr'><strong>Καυνίοις</strong></span> <span class='ocrx_word' id='word_1_284' title='bbox 2398 2116 2447 2165; x_wconf 64' lang='grc' dir='ltr'><strong>ἐν</strong></span> <span class='ocrx_word' id='word_1_285' title='bbox 2480 2102 2683 2185; x_wconf 62' lang='grc' dir='ltr'><strong>ἠπείρῳ</strong></span> <span class='ocrx_word' id='word_1_286' title='bbox 2704 2130 2723 2166; x_wconf 88' lang='lat'>:</span> 
     </span>
     <span class='ocr_line' id='line_1_52' title="bbox 1690 2192 2721 2266; baseline -0.003 -19"><span class='ocrx_word' id='word_1_287' title='bbox 1690 2206 1747 2247; x_wconf 90' lang='lat' dir='ltr'><strong>et</strong></span> <span class='ocrx_word' id='word_1_288' title='bbox 1769 2194 1961 2266; x_wconf 77' lang='lat' dir='ltr'><strong>Polyb.</strong></span> <span class='ocrx_word' id='word_1_289' title='bbox 1980 2194 2055 2259; x_wconf 87' lang='lat'><strong>11,</strong></span> <span class='ocrx_word' id='word_1_290' title='bbox 2090 2212 2214 2265; x_wconf 76' lang='lat' dir='ltr'><strong>pag.</strong></span> <span class='ocrx_word' id='word_1_291' title='bbox 2257 2192 2381 2248; x_wconf 80' lang='lat'><strong>130.</strong></span> <span class='ocrx_word' id='word_1_292' title='bbox 2422 2192 2606 2245; x_wconf 76' lang='lat' dir='ltr'><strong>Hsnn.</strong></span> <span class='ocrx_word' id='word_1_293' title='bbox 2636 2216 2721 2237; x_wconf 69' lang='grc' dir='ltr'><strong>-ι-</strong></span> 
     </span>
     <span class='ocr_line' id='line_1_53' title="bbox 1690 2268 2727 2346; baseline -0.003 -19"><span class='ocrx_word' id='word_1_294' title='bbox 1690 2272 1972 2346; x_wconf 85' lang='lat' dir='ltr'><strong>Oppidum</strong></span> <span class='ocrx_word' id='word_1_295' title='bbox 1996 2272 2103 2325; x_wconf 87' lang='lat' dir='ltr'><strong>hoc</strong></span> <span class='ocrx_word' id='word_1_296' title='bbox 2128 2285 2183 2326; x_wconf 88' lang='lat' dir='ltr'><strong>et</strong></span> <span class='ocrx_word' id='word_1_297' title='bbox 2206 2268 2385 2326; x_wconf 75' lang='lat' dir='ltr'><strong>fauces</strong></span> <span class='ocrx_word' id='word_1_298' title='bbox 2404 2272 2727 2342; x_wconf 61' lang='lat' dir='ltr'><strong>Antigonia</strong></span> 
     </span>
     <span class='ocr_line' id='line_1_54' title="bbox 1690 2351 2724 2425; baseline -0.001 -21"><span class='ocrx_word' id='word_1_299' title='bbox 1690 2352 1856 2407; x_wconf 73' lang='lat' dir='ltr'><strong>dictas</strong></span> <span class='ocrx_word' id='word_1_300' title='bbox 1870 2351 2196 2425; x_wconf 74' lang='lat' dir='ltr'><strong>rt.passibus</strong></span> <span class='ocrx_word' id='word_1_301' title='bbox 2221 2371 2251 2405; x_wconf 80' lang='lat' dir='ltr'><strong>a</strong></span> <span class='ocrx_word' id='word_1_302' title='bbox 2286 2351 2522 2417; x_wconf 68' lang='lat' dir='ltr'><strong>sthelen,</strong></span> <span class='ocrx_word' id='word_1_303' title='bbox 2558 2352 2724 2404; x_wconf 84' lang='lat' dir='ltr'><strong>meri·</strong></span> 
     </span>
     <span class='ocr_line' id='line_1_55' title="bbox 1691 2430 2723 2503; baseline -0.003 -17"><span class='ocrx_word' id='word_1_304' title='bbox 1691 2431 1837 2486; x_wconf 86' lang='lat' dir='ltr'><strong>diem</strong></span> <span class='ocrx_word' id='word_1_305' title='bbox 1891 2450 2075 2486; x_wconf 76' lang='lat' dir='ltr'><strong>versus</strong></span> <span class='ocrx_word' id='word_1_306' title='bbox 2123 2448 2178 2483; x_wconf 81' lang='lat' dir='ltr'><strong>se</strong></span> <span class='ocrx_word' id='word_1_307' title='bbox 2232 2430 2491 2503; x_wconf 82' lang='lat' dir='ltr'><strong>reperisse</strong></span> <span class='ocrx_word' id='word_1_308' title='bbox 2534 2442 2723 2502; x_wconf 67' lang='lat' dir='ltr'><strong>putat,</strong></span> 
     </span>
     <span class='ocr_line' id='line_1_56' title="bbox 1688 2504 2723 2577; baseline -0.003 -12"><span class='ocrx_word' id='word_1_309' title='bbox 1688 2510 1835 2566; x_wconf 79' lang='lat' dir='ltr'><strong>haud</strong></span> <span class='ocrx_word' id='word_1_310' title='bbox 1874 2510 2171 2575; x_wconf 79' lang='lat' dir='ltr'><strong>immerito,</strong></span> <span class='ocrx_word' id='word_1_311' title='bbox 2214 2522 2277 2564; x_wconf 89' lang='lat' dir='ltr'><strong>ut</strong></span> <span class='ocrx_word' id='word_1_312' title='bbox 2302 2508 2536 2577; x_wconf 80' lang='lat' dir='ltr'><strong>videtur,</strong></span> <span class='ocrx_word' id='word_1_313' title='bbox 2566 2504 2723 2565; x_wconf 86' lang='lat' dir='ltr'><strong>erud.</strong></span> 
     </span>
     <span class='ocr_line' id='line_1_57' title="bbox 1691 2588 2720 2661; baseline -0.002 -17"><span class='ocrx_word' id='word_1_314' title='bbox 1691 2592 2091 2654; x_wconf 71' lang='lat' dir='ltr'><strong>Pouquxvxm</strong></span> <span class='ocrx_word' id='word_1_315' title='bbox 2114 2628 2132 2656; x_wconf 86' lang='lat'><strong>,</strong></span> <span class='ocrx_word' id='word_1_316' title='bbox 2174 2608 2269 2661; x_wconf 90' lang='lat' dir='ltr'><strong>op.</strong></span> <span class='ocrx_word' id='word_1_317' title='bbox 2315 2588 2407 2643; x_wconf 87' lang='lat' dir='ltr'><strong>cit.</strong></span> <span class='ocrx_word' id='word_1_318' title='bbox 2446 2602 2582 2644; x_wconf 84' lang='lat' dir='ltr'><strong>tom.</strong></span> <span class='ocrx_word' id='word_1_319' title='bbox 2629 2590 2720 2648; x_wconf 88' lang='lat'><strong>11.</strong></span> 
     </span>
     <span class='ocr_line' id='line_1_58' title="bbox 1691 2668 2598 2742; baseline -0.003 -18"><span class='ocrx_word' id='word_1_320' title='bbox 1691 2670 1789 2726; x_wconf 77' lang='lat' dir='ltr'><strong>lib.</strong></span> <span class='ocrx_word' id='word_1_321' title='bbox 1815 2672 1919 2737; x_wconf 80' lang='lat' dir='ltr'><strong>IV,</strong></span> <span class='ocrx_word' id='word_1_322' title='bbox 1948 2688 2066 2742; x_wconf 76' lang='lat' dir='ltr'><strong>cap.</strong></span> <span class='ocrx_word' id='word_1_323' title='bbox 2096 2689 2143 2731; x_wconf 82' lang='grc' dir='ltr'><strong>ι,</strong></span> <span class='ocrx_word' id='word_1_324' title='bbox 2178 2689 2237 2741; x_wconf 84' lang='lat' dir='ltr'><strong>p.</strong></span> <span class='ocrx_word' id='word_1_325' title='bbox 2258 2688 2293 2739; x_wconf 87' lang='lat'>7</span> <span class='ocrx_word' id='word_1_326' title='bbox 2323 2680 2380 2722; x_wconf 83' lang='lat' dir='ltr'><strong>et</strong></span> <span class='ocrx_word' id='word_1_327' title='bbox 2408 2670 2463 2722; x_wconf 82' lang='lat'><strong>8.</strong></span> <span class='ocrx_word' id='word_1_328' title='bbox 2488 2668 2598 2722; x_wconf 86' lang='lat' dir='ltr'><strong>En.</strong></span> 
     </span>
    </p>

    <p class='ocr_par' dir='ltr' id='par_1_14' title="bbox 1686 2746 2735 4171">
     <span class='ocr_line' id='line_1_59' title="bbox 1720 2746 2725 2805; baseline -0.005 0"><span class='ocrx_word' id='word_1_329' title='bbox 1720 2769 1727 2779; x_wconf 88' lang='lat'><strong>·</strong></span> <span class='ocrx_word' id='word_1_330' title='bbox 1779 2769 1803 2804; x_wconf 86' lang='lat'>1</span> <span class='ocrx_word' id='word_1_331' title='bbox 1820 2770 1867 2805; x_wconf 75' lang='grc' dir='ltr'><strong>ι.</strong></span> <span class='ocrx_word' id='word_1_332' title='bbox 1892 2750 2043 2802; x_wconf 72' lang='lat' dir='ltr'><strong>locus</strong></span> <span class='ocrx_word' id='word_1_333' title='bbox 2057 2750 2267 2802; x_wconf 75' lang='lat' dir='ltr'><strong>Aornos.</strong></span> <span class='ocrx_word' id='word_1_334' title='bbox 2290 2748 2591 2801; x_wconf 76' lang='lat' dir='ltr'><strong>Familiaris</strong></span> <span class='ocrx_word' id='word_1_335' title='bbox 2608 2746 2725 2801; x_wconf 71' lang='lat' dir='ltr'><strong>Pli-</strong></span> 
     </span>
     <span class='ocr_line' id='line_1_60' title="bbox 1692 2827 2727 2895; baseline -0.003 -12"><span class='ocrx_word' id='word_1_336' title='bbox 1692 2830 1788 2883; x_wconf 82' lang='lat' dir='ltr'><strong>nio</strong></span> <span class='ocrx_word' id='word_1_337' title='bbox 1814 2830 2014 2883; x_wconf 88' lang='lat' dir='ltr'><strong>locutio</strong></span> <span class='ocrx_word' id='word_1_338' title='bbox 2044 2842 2142 2895; x_wconf 89' lang='lat' dir='ltr'><strong>est,</strong></span> <span class='ocrx_word' id='word_1_339' title='bbox 2166 2840 2226 2881; x_wconf 87' lang='lat' dir='ltr'><strong>ut</strong></span> <span class='ocrx_word' id='word_1_340' title='bbox 2254 2828 2409 2880; x_wconf 68' lang='lat' dir='ltr'><strong>locum</strong></span> <span class='ocrx_word' id='word_1_341' title='bbox 2428 2840 2609 2892; x_wconf 78' lang='lat' dir='ltr'><strong>vocet,</strong></span> <span class='ocrx_word' id='word_1_342' title='bbox 2626 2827 2727 2880; x_wconf 84' lang='lat' dir='ltr'><strong>ubi</strong></span> 
     </span>
     <span class='ocr_line' id='line_1_61' title="bbox 1690 2906 2729 2981; baseline -0.003 -19"><span class='ocrx_word' id='word_1_343' title='bbox 1690 2907 1885 2981; x_wconf 84' lang='lat' dir='ltr'><strong>oppidi</strong></span> <span class='ocrx_word' id='word_1_344' title='bbox 1922 2909 2123 2962; x_wconf 77' lang='lat' dir='ltr'><strong>veteris</strong></span> <span class='ocrx_word' id='word_1_345' title='bbox 2164 2908 2363 2975; x_wconf 66' lang='lat' dir='ltr'><strong>ruina,</strong></span> <span class='ocrx_word' id='word_1_346' title='bbox 2400 2924 2461 2960; x_wconf 76' lang='lat' dir='ltr'><strong>sc</strong></span> <span class='ocrx_word' id='word_1_347' title='bbox 2500 2906 2729 2978; x_wconf 72' lang='lat' dir='ltr'><strong>vestigia</strong></span> 
     </span>
     <span class='ocr_line' id='line_1_62' title="bbox 1688 2984 2729 3121; baseline -0.003 -80"><span class='ocrx_word' id='word_1_348' title='bbox 1688 2988 1972 3060; x_wconf 89' lang='lat' dir='ltr'><strong>supersint.</strong></span> <span class='ocrx_word' id='word_1_349' title='bbox 1994 2987 2292 3121; x_wconf 55' lang='lat' dir='ltr'><strong>Stelihsnus</strong></span> <span class='ocrx_word' id='word_1_350' title='bbox 2320 2984 2511 3059; x_wconf 81' lang='lat' dir='ltr'><strong>oppidi</strong></span> <span class='ocrx_word' id='word_1_351' title='bbox 2536 2988 2729 3040; x_wconf 60' lang='lat' dir='ltr'><strong>mesni«</strong></span> 
     </span>
     <span class='ocr_line' id='line_1_63' title="bbox 1688 3064 2729 3140; baseline -0.002 -19"><span class='ocrx_word' id='word_1_352' title='bbox 1688 3068 1792 3135; x_wconf 77' lang='lat' dir='ltr'><strong>nit,</strong></span> <span class='ocrx_word' id='word_1_353' title='bbox 1816 3086 1936 3140; x_wconf 73' lang='lat' dir='ltr'><strong>pag.</strong></span> <span class='ocrx_word' id='word_1_354' title='bbox 1968 3086 2057 3137; x_wconf 84' lang='lat'><strong>90,</strong></span> <span class='ocrx_word' id='word_1_355' title='bbox 2114 3068 2437 3136; x_wconf 76' lang='grc' dir='ltr'><strong>ορνος,πο’&gt;.ις.</strong></span> <span class='ocrx_word' id='word_1_356' title='bbox 2465 3064 2532 3118; x_wconf 88' lang='lat' dir='ltr'><strong>Id</strong></span> <span class='ocrx_word' id='word_1_357' title='bbox 2554 3084 2729 3137; x_wconf 82' lang='lat' dir='ltr'><strong>porro</strong></span> 
     </span>
     <span class='ocr_line' id='line_1_64' title="bbox 1690 3146 2729 3217; baseline 0 -18"><span class='ocrx_word' id='word_1_358' title='bbox 1690 3148 1796 3201; x_wconf 86' lang='lat' dir='ltr'><strong>loci</strong></span> <span class='ocrx_word' id='word_1_359' title='bbox 1836 3162 2069 3210; x_wconf 82' lang='lat' dir='ltr'><strong>nomen,</strong></span> <span class='ocrx_word' id='word_1_360' title='bbox 2112 3146 2371 3217; x_wconf 77' lang='lat' dir='ltr'><strong>quonism</strong></span> <span class='ocrx_word' id='word_1_361' title='bbox 2408 3156 2611 3199; x_wconf 81' lang='lat' dir='ltr'><strong>tetrum</strong></span> <span class='ocrx_word' id='word_1_362' title='bbox 2652 3146 2729 3199; x_wconf 79' lang='lat' dir='ltr'><strong>ob</strong></span> 
     </span>
     <span class='ocr_line' id='line_1_65' title="bbox 1689 3224 2735 3288; baseline -0.002 -9"><span class='ocrx_word' id='word_1_363' title='bbox 1689 3226 1918 3281; x_wconf 72' lang='lat' dir='ltr'><strong>halitum</strong></span> <span class='ocrx_word' id='word_1_364' title='bbox 1956 3224 2163 3279; x_wconf 77' lang='lat' dir='ltr'><strong>careret</strong></span> <span class='ocrx_word' id='word_1_365' title='bbox 2198 3225 2385 3278; x_wconf 76' lang='lat' dir='ltr'><strong>avibus</strong></span> <span class='ocrx_word' id='word_1_366' title='bbox 2398 3258 2417 3288; x_wconf 91' lang='lat'>‚</span> <span class='ocrx_word' id='word_1_367' title='bbox 2451 3234 2517 3277; x_wconf 77' lang='lat' dir='ltr'><strong>e&#39;x</strong></span> <span class='ocrx_word' id='word_1_368' title='bbox 2554 3242 2618 3278; x_wconf 86' lang='lat' dir='ltr'><strong>re</strong></span> <span class='ocrx_word' id='word_1_369' title='bbox 2656 3226 2735 3278; x_wconf 72' lang='lat' dir='ltr'><strong>fu-</strong></span> 
     </span>
     <span class='ocr_line' id='line_1_66' title="bbox 1688 3301 2727 3376; baseline -0.005 -15"><span class='ocrx_word' id='word_1_370' title='bbox 1688 3318 1853 3361; x_wconf 83' lang='lat' dir='ltr'><strong>ctum.</strong></span> <span class='ocrx_word' id='word_1_371' title='bbox 1902 3306 1991 3361; x_wconf 89' lang='lat' dir='ltr'><strong>Sic</strong></span> <span class='ocrx_word' id='word_1_372' title='bbox 2012 3304 2277 3376; x_wconf 79' lang='lat' dir='ltr'><strong>Virgilius</strong></span> <span class='ocrx_word' id='word_1_373' title='bbox 2318 3301 2387 3357; x_wconf 90' lang='lat' dir='ltr'><strong>de</strong></span> <span class='ocrx_word' id='word_1_374' title='bbox 2425 3304 2727 3357; x_wconf 74' lang='lat' dir='ltr'><strong>Cumarum</strong></span> 
     </span>
     <span class='ocr_line' id='line_1_67' title="bbox 1690 3383 2726 3458; baseline -0.003 -19"><span class='ocrx_word' id='word_1_375' title='bbox 1690 3386 1975 3458; x_wconf 77' lang='lat' dir='ltr'><strong>spelunca,</strong></span> <span class='ocrx_word' id='word_1_376' title='bbox 2004 3388 2127 3438; x_wconf 83' lang='lat' dir='ltr'><strong>AEn.</strong></span> <span class='ocrx_word' id='word_1_377' title='bbox 2154 3384 2249 3437; x_wconf 87' lang='lat' dir='ltr'><strong>lib.</strong></span> <span class='ocrx_word' id='word_1_378' title='bbox 2274 3383 2379 3449; x_wconf 84' lang='lat' dir='ltr'><strong>VI,</strong></span> <span class='ocrx_word' id='word_1_379' title='bbox 2392 3400 2533 3435; x_wconf 79' lang='lat' dir='ltr'><strong>vers.</strong></span> <span class='ocrx_word' id='word_1_380' title='bbox 2564 3385 2683 3453; x_wconf 79' lang='lat'><strong>²39</strong></span> <span class='ocrx_word' id='word_1_381' title='bbox 2710 3402 2726 3436; x_wconf 92' lang='lat'>:</span> 
     </span>
     <span class='ocr_line' id='line_1_68' title="bbox 1695 3461 2731 3536; baseline 0.001 -22"><span class='ocrx_word' id='word_1_382' title='bbox 1695 3492 1719 3514; x_wconf 78' lang='grc' dir='ltr'><strong>ιι</strong></span> <span class='ocrx_word' id='word_1_383' title='bbox 1748 3466 1925 3531; x_wconf 71' lang='lat' dir='ltr'><strong>Quam</strong></span> <span class='ocrx_word' id='word_1_384' title='bbox 1951 3482 2115 3536; x_wconf 83' lang='lat' dir='ltr'><strong>super</strong></span> <span class='ocrx_word' id='word_1_385' title='bbox 2138 3461 2286 3517; x_wconf 69' lang='lat' dir='ltr'><strong>haud</strong></span> <span class='ocrx_word' id='word_1_386' title='bbox 2312 3462 2436 3515; x_wconf 66' lang='lat' dir='ltr'><strong>uua</strong></span> <span class='ocrx_word' id='word_1_387' title='bbox 2466 3473 2731 3533; x_wconf 75' lang='lat' dir='ltr'><strong>poterant</strong></span> 
     </span>
     <span class='ocr_line' id='line_1_69' title="bbox 1688 3539 2730 3616; baseline -0.003 -19"><span class='ocrx_word' id='word_1_388' title='bbox 1688 3544 1913 3616; x_wconf 87' lang='lat' dir='ltr'><strong>impune</strong></span> <span class='ocrx_word' id='word_1_389' title='bbox 1931 3544 2168 3599; x_wconf 77' lang='lat' dir='ltr'><strong>volentes</strong></span> <span class='ocrx_word' id='word_1_390' title='bbox 2184 3539 2431 3595; x_wconf 88' lang='lat' dir='ltr'><strong>Tendere</strong></span> <span class='ocrx_word' id='word_1_391' title='bbox 2462 3542 2569 3595; x_wconf 87' lang='lat' dir='ltr'><strong>iter</strong></span> <span class='ocrx_word' id='word_1_392' title='bbox 2588 3560 2730 3613; x_wconf 77' lang='lat' dir='ltr'><strong>pen·</strong></span> 
     </span>
     <span class='ocr_line' id='line_1_70' title="bbox 1687 3620 2733 3695; baseline -0.003 -18"><span class='ocrx_word' id='word_1_393' title='bbox 1687 3622 1811 3679; x_wconf 76' lang='lat' dir='ltr'><strong>nis:</strong></span> <span class='ocrx_word' id='word_1_394' title='bbox 1842 3624 1961 3695; x_wconf 65' lang='lat' dir='ltr'><strong>tplis</strong></span> <span class='ocrx_word' id='word_1_395' title='bbox 1986 3640 2098 3676; x_wconf 87' lang='lat' dir='ltr'><strong>sese</strong></span> <span class='ocrx_word' id='word_1_396' title='bbox 2124 3622 2322 3675; x_wconf 76' lang='lat' dir='ltr'><strong>halitus</strong></span> <span class='ocrx_word' id='word_1_397' title='bbox 2364 3620 2494 3673; x_wconf 76' lang='lat' dir='ltr'><strong>stris</strong></span> <span class='ocrx_word' id='word_1_398' title='bbox 2534 3620 2733 3674; x_wconf 67' lang='lat' dir='ltr'><strong>Fauci-</strong></span> 
     </span>
     <span class='ocr_line' id='line_1_71' title="bbox 1688 3698 2730 3773; baseline -0.002 -18"><span class='ocrx_word' id='word_1_399' title='bbox 1688 3703 1791 3756; x_wconf 87' lang='lat' dir='ltr'><strong>bus</strong></span> <span class='ocrx_word' id='word_1_400' title='bbox 1825 3700 2107 3757; x_wconf 75' lang='lat' dir='ltr'><strong>effnndeus</strong></span> <span class='ocrx_word' id='word_1_401' title='bbox 2144 3719 2338 3773; x_wconf 75' lang='lat' dir='ltr'><strong>supera</strong></span> <span class='ocrx_word' id='word_1_402' title='bbox 2373 3698 2443 3752; x_wconf 76' lang='lat' dir='ltr'><strong>ad</strong></span> <span class='ocrx_word' id='word_1_403' title='bbox 2482 3717 2730 3754; x_wconf 77' lang='lat' dir='ltr'><strong>convexa</strong></span> 
     </span>
     <span class='ocr_line' id='line_1_72' title="bbox 1686 3778 2732 3836; baseline -0.003 0"><span class='ocrx_word' id='word_1_404' title='bbox 1686 3783 1929 3836; x_wconf 76' lang='lat' dir='ltr'><strong>ferebat:</strong></span> <span class='ocrx_word' id='word_1_405' title='bbox 1970 3780 2131 3834; x_wconf 87' lang='lat' dir='ltr'><strong>Unde</strong></span> <span class='ocrx_word' id='word_1_406' title='bbox 2158 3781 2340 3833; x_wconf 86' lang='lat' dir='ltr'><strong>locum</strong></span> <span class='ocrx_word' id='word_1_407' title='bbox 2381 3779 2533 3833; x_wconf 78' lang='lat' dir='ltr'><strong>Graii</strong></span> <span class='ocrx_word' id='word_1_408' title='bbox 2572 3778 2732 3833; x_wconf 63' lang='grc' dir='ltr'><strong>ὅκα·</strong></span> 
     </span>
     <span class='ocr_line' id='line_1_73' title="bbox 1687 3858 2733 3915; baseline -0.003 0"><span class='ocrx_word' id='word_1_409' title='bbox 1687 3873 1817 3915; x_wconf 84' lang='lat' dir='ltr'><strong>runt</strong></span> <span class='ocrx_word' id='word_1_410' title='bbox 1846 3860 2065 3915; x_wconf 85' lang='lat' dir='ltr'><strong>nomine</strong></span> <span class='ocrx_word' id='word_1_411' title='bbox 2086 3863 2327 3913; x_wconf 79' lang='lat' dir='ltr'><strong>Aornon.</strong></span> <span class='ocrx_word' id='word_1_412' title='bbox 2356 3884 2380 3906; x_wconf 81' lang='lat'><em>=</em></span> <span class='ocrx_word' id='word_1_413' title='bbox 2424 3858 2614 3912; x_wconf 63' lang='lat' dir='ltr'><strong>Hsnn.</strong></span> <span class='ocrx_word' id='word_1_414' title='bbox 2644 3890 2733 3903; x_wconf 91' lang='lat'><strong>—-</strong></span> 
     </span>
     <span class='ocr_line' id='line_1_74' title="bbox 1688 3938 2729 3994; baseline -0.003 0"><span class='ocrx_word' id='word_1_415' title='bbox 1688 3941 1942 3994; x_wconf 86' lang='lat' dir='ltr'><strong>Pluribus</strong></span> <span class='ocrx_word' id='word_1_416' title='bbox 1973 3952 2149 3993; x_wconf 75' lang='lat' dir='ltr'><strong>autem</strong></span> <span class='ocrx_word' id='word_1_417' title='bbox 2176 3939 2312 3993; x_wconf 84' lang='lat' dir='ltr'><strong>iocis</strong></span> <span class='ocrx_word' id='word_1_418' title='bbox 2344 3956 2545 3991; x_wconf 85' lang='lat' dir='ltr'><strong>nomen</strong></span> <span class='ocrx_word' id='word_1_419' title='bbox 2576 3938 2729 3991; x_wconf 74' lang='lat' dir='ltr'><strong>istud</strong></span> 
     </span>
     <span class='ocr_line' id='line_1_75' title="bbox 1690 4016 2733 4090; baseline -0.004 -17"><span class='ocrx_word' id='word_1_420' title='bbox 1690 4020 1933 4073; x_wconf 83' lang='lat' dir='ltr'><strong>indixere</strong></span> <span class='ocrx_word' id='word_1_421' title='bbox 1956 4018 2155 4083; x_wconf 67' lang='lat' dir='ltr'><strong>Groui,</strong></span> <span class='ocrx_word' id='word_1_422' title='bbox 2178 4036 2410 4090; x_wconf 88' lang='lat' dir='ltr'><strong>quorum</strong></span> <span class='ocrx_word' id='word_1_423' title='bbox 2437 4016 2733 4070; x_wconf 68' lang='lat' dir='ltr'><strong>celeberri-</strong></span> 
     </span>
     <span class='ocr_line' id='line_1_76' title="bbox 1690 4096 2507 4171; baseline -0.005 -18"><span class='ocrx_word' id='word_1_424' title='bbox 1690 4118 1813 4153; x_wconf 87' lang='lat' dir='ltr'><strong>mus</strong></span> <span class='ocrx_word' id='word_1_425' title='bbox 1836 4100 1893 4153; x_wconf 89' lang='lat' dir='ltr'><strong>in</strong></span> <span class='ocrx_word' id='word_1_426' title='bbox 1910 4099 2229 4171; x_wconf 82' lang='lat' dir='ltr'><strong>Thesprotia</strong></span> <span class='ocrx_word' id='word_1_427' title='bbox 2256 4097 2375 4151; x_wconf 82' lang='lat' dir='ltr'><strong>fuit.</strong></span> <span class='ocrx_word' id='word_1_428' title='bbox 2396 4096 2507 4151; x_wconf 83' lang='lat' dir='ltr'><strong>En.</strong></span> 
     </span>
    </p>
   </div>
  </div>
 </body>
</html>
