2950 5017
1252 485 1575 553 LIBER
1627 486 1713 553 V.

1019 638 1036 680 ε
1108 638 1270 709 gens
1323 599 1721 685 Nabades⁶⁹.
1792 614 2071 685 Flumen
2120 620 2555 715 Ampsaga,
2479 620 2531 661 ⁷⁰

407 620 658 689 flumen
715 598 952 685 Usar⁵⁸

2399 489 2552 569 413

408 724 598 793 abest
633 745 673 790 a
699 718 1062 791 Caesarea⁷¹
1101 718 1781 791 cccxx11⁷²millibus
1824 746 2159 817 passuum.
2192 726 2558 820 Utriusque

407 828 818 899 Mauritaniae
860 825 1207 921 longitudo
1247 812 1535 896 decies⁷³
1573 828 1850 922 triginta
1892 854 2136 899 novem
2172 829 2331 900 mill.
2372 834 2556 903 Lati-

409 936 574 1005 tudo
605 933 1245 1030 quadringentorum
1289 933 1629 1028 sexaginta
1662 949 1915 1030 septem
1939 934 2100 1005 mill.
2118 923 2169 975 ⁷⁴
2194 961 2371 1033 pass.

405 1117 506 1171 pro
539 1116 647 1170 qua
691 1095 898 1169 legebat
939 1094 1214 1150 Pintianus
1253 1100 1440 1147 Ancus.

408 1180 566 1240 Aves,
592 1196 702 1249 quo
729 1176 953 1229 nomine
977 1195 1006 1229 a
1036 1175 1177 1229 Mela
1201 1174 1441 1247 agnosci·

410 1269 522 1322 tur,
544 1258 638 1311 lib.
660 1258 710 1319 1,
729 1274 846 1328 cap.
867 1260 924 1323 6,
943 1258 1012 1309 ab
1031 1254 1310 1308 Harduino
1333 1255 1440 1309 boc

405 1338 530 1391 loco
553 1338 828 1391 restitutus
859 1346 936 1389 est
977 1334 1259 1389 admonitu
1294 1333 1441 1389 codi-

411 1436 538 1471 cum
563 1416 719 1473 colb.
751 1434 800 1481 1,
822 1434 870 1479 a,
895 1426 1000 1468 etc.
1023 1414 1130 1468 En.

478 1500 566 1567 67.
607 1498 878 1547 Macurebi.
917 1492 1230 1565 Μαχουρτβοὶ
1267 1492 1438 1547 Ptole·

407 1594 565 1639 ωηο,
591 1575 712 1628 loco
731 1575 821 1629 cit.
846 1574 1029 1628 Hann.

478 1656 564 1709 68.
615 1658 759 1705 Usar.
799 1654 946 1723 Σίσαρ
997 1664 1076 1705 est
1111 1652 1435 1716 Ptolemaeo,

405 1734 530 1788 loco
547 1733 728 1796 citato,
741 1733 879 1785 inter
887 1730 1073 1786 Saldas
1085 1731 1194 1786 sive
1211 1688 1438 1805 Bugiani

408 1823 461 1867 et
477 1812 729 1885 Igilgilin.
749 1812 936 1865 Hann.

479 1896 564 1961 69.
580 1888 1080 1953 Nabades.1tq26moe,
1096 1888 1322 1943 Ptolem.
1334 1890 1370 1942 l.
1388 1908 1436 1943 c.

479 1990 564 2041 70·
603 1976 882 2039 Ampsaga.
923 1968 1150 2021 Ptolem.
1176 1958 1436 2041 Ᾰμψοὶγας.

411 2051 730 2123 nAmsagam
756 2048 980 2102 fluvium
1019 2050 1311 2103 Cirtensem
1349 2050 1442 2103 fm-

408 2127 669 2183 cilosum»
686 2139 842 2181 vocat
861 2128 1051 2183 Victor
1067 2128 1328 2194 vitensis,
1345 2129 1436 2181 lib.

409 2210 467 2261 11
486 2208 554 2262 de
571 2208 852 2261 Persecut.
871 2207 1033 2261 Afric.
1053 2226 1172 2279 pag.
1197 2226 1283 2262 υ.
1315 2209 1438 2265 Cir-

409 2302 609 2341 tensem
634 2286 854 2361 quidem
876 2325 892 2352 ,
911 2305 944 2340 a
971 2289 1116 2342 Cirta
1132 2289 1165 2340 J
1171 2289 1276 2342 ulia
1295 2328 1310 2355 ,
1329 2289 1435 2341 Nu-

409 2367 586 2421 midiae
613 2366 928 2439 metropoli,
959 2366 1030 2421 de
1053 2387 1162 2440 qua
1201 2387 1326 2421 mox
1353 2365 1437 2419 di-

410 2460 578 2511 cetur,
601 2464 766 2519 prope
783 2446 926 2519 ripas
945 2449 1219 2521 Ampsaga
1241 2447 1436 2519 posita.

407 2524 582 2579 Hodie
609 2528 1008 2590 Wad-el-Ke’bir,
1047 2528 1254 2599 aliquot
1277 2526 1438 2579 milli..

407 2605 508 2658 bus
532 2624 669 2676 pass.
699 2624 732 2658 a
755 2607 892 2673 Jijeli
909 2605 1110 2678 oppido
1136 2625 1323 2660 versus
1347 2625 1438 2660 or-

409 2694 539 2738 tum.
565 2683 748 2738 Hann.

477 2782 570 2834 7¹·
600 2767 758 2815 Abest
776 2783 811 2814 a
836 2767 1087 2816 Caesarea.
1115 2770 1302 2817 Vacat.
1329 2765 1436 2818 En.

479 2861 568 2912 7²·
605 2844 892 2894 CCCXXII.
917 2842 998 2895 Ita
1045 2844 1170 2914 neg.
1202 2843 1354 2896 Colb.
1377 2862 1400 2897 ι
1419 2879 1438 2906 ,

413 2942 463 2987 a,
477 2920 661 2975 Chim.
675 2934 728 2974 et
740 2922 1035 2975 Martianus
1049 2922 1186 2993 ipse.
1208 2922 1272 2974 ln
1292 2922 1440 2977 libris

410 3000 564 3054 editis
581 3002 721 3053 male
739 3040 754 3067 ,
777 3018 1034 3056 ccxxxut.
1051 3002 1438 3073 fliam—Leg.

411 3098 609 3135 ccxxxi.
638 3080 722 3132 Ita
749 3079 902 3133 MSS.
923 3082 1052 3151 Reg.
1083 3098 1138 3140 ι,
1170 3092 1226 3133 et
1247 3100 1300 3144 ει,
1322 3080 1438 3134 edi·

411 3158 486 3212 tio
511 3160 783 3231 princeps.
805 3160 870 3211 In
884 3158 1028 3213 MSS.
1050 3159 1114 3210 R.
1139 3158 1195 3223 5,
1219 3177 1436 3215 ccxxxv.

409 3239 694 3310 Pei-peram
721 3237 1024 3293 emendavit
1039 3238 1280 3292 eruditus
1296 3241 1438 3294 Har-

409 3316 612 3371 duinus
635 3316 958 3371 ocexxn.1d
987 3336 1098 3371 non
1134 3320 1336 3391 patitur
1354 3320 1438 3373 lo·

410 3413 597 3449 corum
633 3407 842 3449 natura.
873 3397 1098 3449 Flumen
1134 3400 1438 3479 Ampsaga,

411 3494 555 3529 nunc
578 3479 737 3529 Wad·
731 3480 806 3535 el·
809 3478 978 3538 Kibir,
1002 3474 1060 3528 id
1085 3486 1192 3538 est,
1216 3495 1443 3549 magnus

1522 1110 1781 1165 gentomm
1804 1100 2009 1168 triginta
2022 1119 2193 1152 novem
2209 1103 2333 1155 mill.
2352 1113 2557 1158 tantum

1527 1176 1862 1248 scripserint:
1878 1178 2047 1250 q'uum
2062 1180 2147 1231 vel
2163 1180 2233 1233 ab
2255 1183 2557 1253 Ampelusia

1525 1256 1913 1328 promontorio,
1926 1255 1995 1310 ad
2012 1276 2222 1311 amnem
2244 1260 2557 1315 Mulucham

1525 1353 1687 1407 quem
1714 1336 2137 1409 Masaesylorum
2156 1338 2317 1392 finem
2338 1359 2452 1395 esse
2468 1359 2557 1394 su-

1525 1413 1701 1485 perius
1727 1413 1957 1469 diximus
1970 1452 1987 1480 ,
2008 1415 2299 1477 stadiorum
2317 1419 2559 1493 quinque

1524 1494 1691 1546 millia
1730 1494 1980 1548 interesse
2008 1496 2199 1549 Strabo
2234 1498 2305 1551 sit
2346 1512 2559 1564 auctor,

1524 1572 1619 1625 lib.
1647 1573 1900 1645 xv11‚p.
1925 1576 2046 1645 8²7⁹
2070 1593 2241 1646 quum
2261 1590 2439 1632 tamen
2456 1599 2559 1634 nec

1523 1651 1824 1724 Tingitana
1851 1654 1963 1706 fere
1979 1665 2187 1724 partem
2213 1656 2414 1722 ullam,
2457 1678 2559 1714 nec

1524 1730 1895 1785 cesariensem
1906 1744 2071 1786 totam
2084 1752 2147 1786 eo
2154 1736 2328 1807 spatio
2336 1738 2559 1811 comple-

1523 1821 1709 1863 ctatur.
1712 1811 1858 1865 Missi
1870 1810 2181 1866 Theodosii.
2186 1813 2409 1867 -Gaulia
2418 1816 2559 1889 (lege

1523 1890 1769 1957 Gaetulia)
1799 1904 1850 1944 et
1874 1892 2188 1946 Mauritania
2213 1893 2471 1949 finiuntur
2490 1897 2558 1950 ab

1524 1970 2560 2044 orienteflumineAmpsagazabocciden-

1525 2062 1595 2111 te,
1606 2066 1805 2101 oceano
1816 2050 2081 2103 Atlantico
2094 2068 2108 2104 :
2122 2070 2151 2103 a
2162 2054 2557 2123 septemtrione,

1526 2129 1660 2180 mari
1674 2128 1884 2181 Africo:
1902 2148 1930 2181 a
1945 2129 2187 2192 meridie,
2204 2131 2339 2184 mari
2357 2150 2559 2186 oceano

1522 2206 1860 2277 AEthiopico,
1879 2206 1935 2259 in
1950 2208 2343 2279 longitudinem
2358 2228 2429 2263 n.
2444 2230 2562 2285 pas-

1523 2305 1681 2339 suum
1700 2302 1978 2346 cocenxu,
1992 2286 2047 2337 in
2068 2288 2403 2343 latitudinem
2420 2289 2559 2345 duo-

1523 2364 1701 2419 decies
1742 2384 1841 2418 xxx
1880 2367 2029 2437 juxta
2077 2366 2317 2420 Plinium
2353 2368 2558 2423 Secun-

1524 2444 1673 2497 dum.
1691 2470 1716 2491 a
1758 2444 1867 2496 Ubi
1906 2462 2168 2499 mensurae
2210 2447 2559 2519 longitudinis

1524 2523 1924 2595 latitudinisque
1940 2562 1955 2587 ‚
1976 2544 2039 2578 ex
2066 2526 2385 2598 scriptorum
2408 2528 2559 2589 vitio.

1524 2602 1671 2657 haud
1704 2603 1867 2657 dubie
1894 2616 2015 2657 sunt
2036 2618 2370 2677 permutato.
2398 2608 2559 2673 Quod

1525 2702 1655 2737 vero
1668 2683 1843 2736 statim
1858 2684 1913 2736 in
1928 2683 2115 2737 eodem
2136 2687 2423 2758 exemplari
2436 2688 2561 2741 sub-

1526 2762 1669 2817 ditur
1684 2780 1697 2815 :
1712 2762 2035 2833 «Utriusque
2046 2764 2383 2817 Mauritania
2393 2766 2560 2837 longi-

1526 2840 1657 2893 tudo
1675 2840 2201 2906 coeunxxx‚latitudo
2218 2862 2558 2897 ccocnxvrn»

1526 2931 1619 2973 aut
1644 2920 1895 2973 vitiosum
1918 2938 2031 2973 esse
2047 2960 2063 2986 ,
2086 2931 2176 2973 aut
2204 2921 2467 2994 adjectum
2495 2942 2559 2977 ae

1525 2998 1767 3071 spurium
1796 2999 2048 3062 arbitror,
2076 3012 2217 3053 certe
2244 3001 2453 3054 falsum.
2490 3001 2559 3055 Η.

1526 3108 1597 3118 -·
1614 3077 1736 3130 Non
1762 3088 1906 3131 tanta
1934 3090 2013 3131 est
2050 3080 2327 3151 utriusque
2356 3082 2560 3134 Mauri·

1526 3156 1683 3209 taniae
1705 3174 1953 3210 mensura
1968 3194 1982 3219 ,
2006 3170 2067 3211 ut
2084 3170 2229 3211 recte
2255 3159 2559 3213 observavit

1526 3237 1611 3291 Cl.
1638 3238 1797 3291 saiw
1814 3277 1830 3303 ,
1849 3256 1968 3309 pag.
1994 3256 2074 3290 η.
2094 3238 2251 3292 Forte
2269 3239 2326 3291 in
2346 3257 2557 3292 mensu-

1526 3335 1641 3369 ram
1663 3316 1809 3369 sinus
1827 3331 1877 3369 et
1890 3317 2161 3371 anfractus
2181 3336 2285 3370 ονε
2300 3318 2558 3389 compulit

1528 3396 1748 3449 Plinius.
1771 3396 1947 3449 Bao-r.

1600 3483 1686 3547 74.
1700 3477 2181 3542 Quadringentorum
2195 3476 2468 3541 sexaginta
2478 3494 2557 3527 se·

411 3552 626 3607 fluvius.
652 3555 931 3622 Caesarea,
945 3556 1088 3607 Sher-
1091 3558 1236 3608 shelz.
1263 3558 1437 3611 Bnor.
1519 3570 1657 3624 ptem
1700 3555 1918 3606 millium.
1961 3554 2045 3605 Ita
2093 3550 2257 3605 editio
2309 3552 2557 3625 princeps

480 3633 570 3704 73.
617 3636 810 3687 Decies.
839 3634 954 3687 Hoc
999 3646 1105 3701 est,
1127 3634 1300 3689 decies
1319 3654 1440 3688 cen-

409 3722 597 3765 tenum
617 3746 634 3774 ,
659 3724 710 3765 et
733 3712 950 3784 triginta
976 3732 1174 3767 novem
1209 3714 1440 3767 millium

409 3808 547 3862 pass.
573 3791 754 3844 Hsan.
770 3792 934 3844 —Ita
953 3794 1080 3864 Reg.
1105 3810 1129 3846 1
1153 3831 1168 3856 ,
1200 3812 1253 3860 a,
1279 3793 1436 3847 colb.

416 3889 472 3937 1,
496 3890 558 3933 2,
590 3870 751 3923 Paris.
793 3868 1025 3925 chifflet.
1069 3870 1300 3944 denique
1323 3873 1438 3945 ipse

410 3948 736 4014 Martianus,
774 3950 810 4001 1.
831 3949 912 4001 vl
936 3989 953 4015 ,
976 3967 1096 4021 cap.
1134 3950 1202 4004 de
1227 3952 1439 4005 duabus

409 4027 769 4095 Mauritaniis,
809 4046 932 4099 pag.
973 4032 1074 4082 216
1093 4066 1110 4093 ,
1155 4041 1214 4082 ut
1258 4030 1440 4085 mirari

412 4108 636 4173 subeat,
665 4126 762 4162 cur
804 4106 958 4161 Plinii
987 4108 1244 4173 editores,
1284 4114 1439 4163 octin-

1530 3632 1771 3705 aliaeque.
1796 3633 1863 3684 In
1886 3631 1997 3685 MS.
2025 3634 2157 3702 Reg.
2202 3650 2251 3696 1,
2276 3648 2553 3685 ccccnxvn

1528 3732 1591 3767 n.
1604 3738 1627 3760 ι
1651 3710 1812 3780 Quod
1827 3710 2011 3765 melius
2026 3724 2173 3782 puto.
2188 3710 2389 3763 Plinius
2410 3712 2555 3764 enim

1527 3792 1696 3858 iufra,
1720 3790 1812 3843 lib.
1851 3790 1959 3853 vl,
1982 3806 2029 3842 c.
2060 3790 2159 3851 38,
2186 3788 2289 3842 ait:
2320 3788 2554 3843 «Africo

1526 3870 1750 3925 latitudo
1768 3909 1783 3936 ,
1805 3887 1913 3940 qua
1934 3868 2145 3930 colitur,
2164 3886 2430 3940 nusquam
2453 3868 2556 3922 du-

1526 3964 1679 4005 centa
1704 3948 2083 4021 quinquaginta
2104 3948 2271 4001 millia
2304 3964 2553 4019 passuum

1526 4030 1787 4086 excedit.-
1812 4028 2069 4080 Bam—
2087 4025 2259 4080 Codd.
2296 4028 2468 4080 Tolet.
2502 4037 2555 4079 et

1526 4106 1705 4165 chiffl.
1740 4110 2094 4161 ccccxxv!
2124 4108 2245 4158 mm.
2275 4106 2375 4159 En.
