<?xml version="1.0" encoding="UTF-8"?>
<!DOCTYPE html PUBLIC "-//W3C//DTD XHTML 1.0 Transitional//EN"
    "http://www.w3.org/TR/xhtml1/DTD/xhtml1-transitional.dtd">
<html xmlns="http://www.w3.org/1999/xhtml" xml:lang="en" lang="en">
 <head>
  <title>
</title>
<meta http-equiv="Content-Type" content="text/html;charset=utf-8" />
  <meta name='ocr-system' content='tesseract 3.04.00' />
  <meta name='ocr-capabilities' content='ocr_page ocr_carea ocr_par ocr_line ocrx_word'/>
</head>
<body>
  <div class='ocr_page' id='page_1' title='image "./caiipliniisecun06plingoog_0635.png"; bbox 0 0 2950 5017; ppageno 0'>
   <div class='ocr_carea' id='block_1_1' title="bbox 476 907 511 958">
    <p class='ocr_par' dir='ltr' id='par_1_1' title="bbox 476 907 511 958">
     <span class='ocr_line' id='line_1_1' title="bbox 476 907 511 958; baseline 0 0"><span class='ocrx_word' id='word_1_1' title='bbox 476 907 511 958; x_wconf 88' lang='grc'>3</span> 
     </span>
    </p>
   </div>
   <div class='ocr_carea' id='block_1_2' title="bbox 548 454 699 526">
    <p class='ocr_par' dir='ltr' id='par_1_2' title="bbox 548 454 699 526">
     <span class='ocr_line' id='line_1_2' title="bbox 548 454 699 526; baseline -0.013 -1"><span class='ocrx_word' id='word_1_2' title='bbox 548 454 699 526; x_wconf 87' lang='grc' dir='ltr'><strong>6ι6</strong></span> 
     </span>
    </p>
   </div>
   <div class='ocr_carea' id='block_1_3' title="bbox 1082 453 2152 526">
    <p class='ocr_par' dir='ltr' id='par_1_3' title="bbox 1082 453 2152 526">
     <span class='ocr_line' id='line_1_3' title="bbox 1082 453 2152 526; baseline -0.003 -1"><span class='ocrx_word' id='word_1_3' title='bbox 1082 457 1160 525; x_wconf 89' lang='lat' dir='ltr'><strong>C.</strong></span> <span class='ocrx_word' id='word_1_4' title='bbox 1216 456 1561 526; x_wconf 86' lang='lat' dir='ltr'>PLINII</span> <span class='ocrx_word' id='word_1_5' title='bbox 1618 457 1844 526; x_wconf 82' lang='lat' dir='ltr'><strong>NAT.</strong></span> <span class='ocrx_word' id='word_1_6' title='bbox 1903 453 2152 522; x_wconf 89' lang='lat' dir='ltr'><strong>HIST.</strong></span> 
     </span>
    </p>
   </div>
   <div class='ocr_carea' id='block_1_4' title="bbox 546 582 2682 684">
    <p class='ocr_par' dir='ltr' id='par_1_4' title="bbox 546 582 2682 684">
     <span class='ocr_line' id='line_1_4' title="bbox 546 582 2682 684; baseline -0.003 -26"><span class='ocrx_word' id='word_1_7' title='bbox 546 611 882 660; x_wconf 77' lang='lat' dir='ltr'>chxxxx</span> <span class='ocrx_word' id='word_1_8' title='bbox 916 610 996 657; x_wconf 92' lang='grc' dir='ltr'><strong>Μ.</strong></span> <span class='ocrx_word' id='word_1_9' title='bbox 1016 587 1084 654; x_wconf 87' lang='lat' dir='ltr'><strong>in</strong></span> <span class='ocrx_word' id='word_1_10' title='bbox 1113 585 1526 660; x_wconf 85' lang='lat' dir='ltr'><strong>latitudinem</strong></span> <span class='ocrx_word' id='word_1_11' title='bbox 1553 586 1864 684; x_wconf 86' lang='lat' dir='ltr'><strong>prodidit.</strong></span> <span class='ocrx_word' id='word_1_12' title='bbox 1902 589 2057 655; x_wconf 86' lang='lat' dir='ltr'><strong>Non</strong></span> <span class='ocrx_word' id='word_1_13' title='bbox 2087 583 2332 654; x_wconf 83' lang='lat' dir='ltr'><strong>desunt</strong></span> <span class='ocrx_word' id='word_1_14' title='bbox 2369 605 2531 652; x_wconf 82' lang='lat' dir='ltr'><strong>vero</strong></span> <span class='ocrx_word' id='word_1_15' title='bbox 2566 582 2682 677; x_wconf 88' lang='lat' dir='ltr'><strong>qui</strong></span> 
     </span>
    </p>
   </div>
   <div class='ocr_carea' id='block_1_5' title="bbox 546 689 2683 787">
    <p class='ocr_par' dir='ltr' id='par_1_5' title="bbox 546 689 2683 787">
     <span class='ocr_line' id='line_1_5' title="bbox 546 689 2683 787; baseline -0.002 -25"><span class='ocrx_word' id='word_1_16' title='bbox 546 693 689 787; x_wconf 88' lang='lat' dir='ltr'><strong>ejus</strong></span> <span class='ocrx_word' id='word_1_17' title='bbox 713 693 913 762; x_wconf 86' lang='lat' dir='ltr'><strong>maris</strong></span> <span class='ocrx_word' id='word_1_18' title='bbox 930 695 1315 765; x_wconf 88' lang='lat' dir='ltr'><strong>universum</strong></span> <span class='ocrx_word' id='word_1_19' title='bbox 1337 697 1740 767; x_wconf 86' lang='lat' dir='ltr'><strong>circuituma</strong></span> <span class='ocrx_word' id='word_1_20' title='bbox 1760 693 1932 764; x_wconf 82' lang='lat' dir='ltr'><strong>freto</strong></span> <span class='ocrx_word' id='word_1_21' title='bbox 1965 714 2110 762; x_wconf 83' lang='lat' dir='ltr'><strong>xxv</strong></span> <span class='ocrx_word' id='word_1_22' title='bbox 2135 689 2347 761; x_wconf 87' lang='lat' dir='ltr'><strong>mill.¹¹</strong></span> <span class='ocrx_word' id='word_1_23' title='bbox 2365 711 2683 784; x_wconf 84' lang='lat' dir='ltr'><strong>passuum</strong></span> 
     </span>
    </p>
   </div>
   <div class='ocr_carea' id='block_1_6' title="bbox 544 799 837 869">
    <p class='ocr_par' dir='ltr' id='par_1_6' title="bbox 544 799 837 869">
     <span class='ocr_line' id='line_1_6' title="bbox 544 799 837 869; baseline 0 -1"><span class='ocrx_word' id='word_1_24' title='bbox 544 799 837 869; x_wconf 84' lang='lat' dir='ltr'><strong>tradunt.</strong></span> 
     </span>
    </p>
   </div>
   <div class='ocr_carea' id='block_1_7' title="bbox 546 893 2690 1107">
    <p class='ocr_par' dir='ltr' id='par_1_7' title="bbox 546 893 2686 1107">
     <span class='ocr_line' id='line_1_7' title="bbox 652 893 2682 1024; baseline -0.002 -51"><span class='ocrx_word' id='word_1_25' title='bbox 652 907 977 1024; x_wconf 30' lang='lat' dir='ltr'><strong>Irrutmpit</strong></span> <span class='ocrx_word' id='word_1_26' title='bbox 1004 908 1286 976; x_wconf 83' lang='lat' dir='ltr'><strong>autem¹²</strong></span> <span class='ocrx_word' id='word_1_27' title='bbox 1322 909 1523 978; x_wconf 88' lang='lat' dir='ltr'><strong>arctis</strong></span> <span class='ocrx_word' id='word_1_28' title='bbox 1565 907 1889 993; x_wconf 78' lang='lat' dir='ltr'><strong>faucibuS,</strong></span> <span class='ocrx_word' id='word_1_29' title='bbox 1923 893 2053 974; x_wconf 81' lang='lat' dir='ltr'><strong>et¹³</strong></span> <span class='ocrx_word' id='word_1_30' title='bbox 2096 907 2164 974; x_wconf 91' lang='lat' dir='ltr'><strong>in</strong></span> <span class='ocrx_word' id='word_1_31' title='bbox 2199 901 2682 998; x_wconf 85' lang='lat' dir='ltr'><strong>longitudinem</strong></span> 
     </span>
     <span class='ocr_line' id='line_1_8' title="bbox 546 1006 2690 1107; baseline -0.003 -27"><span class='ocrx_word' id='word_1_32' title='bbox 546 1013 867 1106; x_wconf 85' lang='lat' dir='ltr'><strong>spatiosis.</strong></span> <span class='ocrx_word' id='word_1_33' title='bbox 904 1015 993 1081; x_wconf 87' lang='lat' dir='ltr'><strong>At</strong></span> <span class='ocrx_word' id='word_1_34' title='bbox 1026 1012 1141 1082; x_wconf 87' lang='lat' dir='ltr'><strong>ubi</strong></span> <span class='ocrx_word' id='word_1_35' title='bbox 1186 1015 1389 1107; x_wconf 89' lang='lat' dir='ltr'><strong>coepit</strong></span> <span class='ocrx_word' id='word_1_36' title='bbox 1439 1016 1508 1084; x_wconf 90' lang='lat' dir='ltr'><strong>in</strong></span> <span class='ocrx_word' id='word_1_37' title='bbox 1545 1012 1956 1083; x_wconf 87' lang='lat' dir='ltr'><strong>latitudinem</strong></span> <span class='ocrx_word' id='word_1_38' title='bbox 1986 1010 2222 1107; x_wconf 79' lang='lat' dir='ltr'><strong>pandi,</strong></span> <span class='ocrx_word' id='word_1_39' title='bbox 2255 1008 2500 1077; x_wconf 86' lang='lat' dir='ltr'><strong>lunatis</strong></span> <span class='ocrx_word' id='word_1_40' title='bbox 2525 1006 2690 1076; x_wconf 88' lang='lat' dir='ltr'><strong>obli-</strong></span> 
     </span>
    </p>
   </div>
   <div class='ocr_carea' id='block_1_8' title="bbox 544 1102 2512 1212">
    <p class='ocr_par' dir='ltr' id='par_1_8' title="bbox 544 1102 2512 1212">
     <span class='ocr_line' id='line_1_9' title="bbox 544 1102 2512 1212; baseline -0.002 -26"><span class='ocrx_word' id='word_1_41' title='bbox 544 1131 791 1212; x_wconf 85' lang='lat' dir='ltr'><strong>quatur</strong></span> <span class='ocrx_word' id='word_1_42' title='bbox 832 1119 1145 1189; x_wconf 86' lang='lat' dir='ltr'><strong>cornibus</strong></span> <span class='ocrx_word' id='word_1_43' title='bbox 1191 1146 1207 1188; x_wconf 73' lang='grc' dir='ltr'><strong><em>ε</em></strong></span> <span class='ocrx_word' id='word_1_44' title='bbox 1252 1119 1436 1189; x_wconf 85' lang='lat' dir='ltr'><strong>velut</strong></span> <span class='ocrx_word' id='word_1_45' title='bbox 1494 1120 1579 1190; x_wconf 80' lang='lat' dir='ltr'><strong>ad</strong></span> <span class='ocrx_word' id='word_1_46' title='bbox 1639 1119 2014 1189; x_wconf 85' lang='lat' dir='ltr'><strong>Maeotium¹</strong></span> <span class='ocrx_word' id='word_1_47' title='bbox 1997 1107 2046 1152; x_wconf 78' lang='lat'><strong>¹⁴</strong></span> <span class='ocrx_word' id='word_1_48' title='bbox 2079 1116 2300 1186; x_wconf 88' lang='lat' dir='ltr'><strong>lacum</strong></span> <span class='ocrx_word' id='word_1_49' title='bbox 2355 1102 2512 1183; x_wconf 82' lang='lat' dir='ltr'><strong>ab¹⁵</strong></span> 
     </span>
    </p>
   </div>
   <div class='ocr_carea' id='block_1_9' title="bbox 2567 1137 2686 1182">
    <p class='ocr_par' dir='ltr' id='par_1_9' title="bbox 2567 1137 2686 1182">
     <span class='ocr_line' id='line_1_10' title="bbox 2567 1137 2686 1182; baseline -0.017 0"><span class='ocrx_word' id='word_1_50' title='bbox 2567 1137 2686 1182; x_wconf 70' lang='lat'>01&#39;0</span> 
     </span>
    </p>
   </div>
   <div class='ocr_carea' id='block_1_10' title="bbox 544 1213 2684 1533">
    <p class='ocr_par' dir='ltr' id='par_1_10' title="bbox 544 1213 2684 1533">
     <span class='ocr_line' id='line_1_11' title="bbox 544 1213 2682 1311; baseline -0.002 -19"><span class='ocrx_word' id='word_1_51' title='bbox 544 1222 988 1311; x_wconf 70' lang='lat' dir='ltr'><strong>descendens»,</strong></span> <span class='ocrx_word' id='word_1_52' title='bbox 1056 1213 1317 1296; x_wconf 80' lang='lat' dir='ltr'><strong>sicilis¹⁶</strong></span> <span class='ocrx_word' id='word_1_53' title='bbox 1364 1222 1477 1310; x_wconf 91' lang='lat' dir='ltr'><strong>(ut</strong></span> <span class='ocrx_word' id='word_1_54' title='bbox 1527 1241 1763 1296; x_wconf 86' lang='lat' dir='ltr'><strong>auctor</strong></span> <span class='ocrx_word' id='word_1_55' title='bbox 1817 1239 1920 1294; x_wconf 93' lang='lat' dir='ltr'><strong>est</strong></span> <span class='ocrx_word' id='word_1_56' title='bbox 1974 1227 2074 1294; x_wconf 87' lang='lat' dir='ltr'><strong>M.</strong></span> <span class='ocrx_word' id='word_1_57' title='bbox 2131 1214 2398 1310; x_wconf 86' lang='lat' dir='ltr'><strong>Varro)</strong></span> <span class='ocrx_word' id='word_1_58' title='bbox 2455 1217 2682 1290; x_wconf 90' lang='lat' dir='ltr'><strong>simili—</strong></span> 
     </span>
     <span class='ocr_line' id='line_1_12' title="bbox 545 1327 2684 1428; baseline -0.001 -31"><span class='ocrx_word' id='word_1_59' title='bbox 545 1328 793 1399; x_wconf 86' lang='lat' dir='ltr'><strong>tudine.</strong></span> <span class='ocrx_word' id='word_1_60' title='bbox 843 1331 1105 1400; x_wconf 86' lang='lat' dir='ltr'><strong>Primus</strong></span> <span class='ocrx_word' id='word_1_61' title='bbox 1162 1333 1345 1401; x_wconf 88' lang='lat' dir='ltr'><strong>sinus</strong></span> <span class='ocrx_word' id='word_1_62' title='bbox 1361 1331 1409 1372; x_wconf 89' lang='lat'><strong>¹⁷</strong></span> <span class='ocrx_word' id='word_1_63' title='bbox 1466 1331 1839 1428; x_wconf 86' lang='lat' dir='ltr'><strong>appellatur</strong></span> <span class='ocrx_word' id='word_1_64' title='bbox 1898 1331 2300 1424; x_wconf 87' lang='lat' dir='ltr'><strong>Scythicus:</strong></span> <span class='ocrx_word' id='word_1_65' title='bbox 2345 1327 2684 1420; x_wconf 84' lang='lat' dir='ltr'><strong>utrimque</strong></span> 
     </span>
     <span class='ocr_line' id='line_1_13' title="bbox 545 1425 2682 1533; baseline -0.001 -30"><span class='ocrx_word' id='word_1_66' title='bbox 545 1437 759 1504; x_wconf 88' lang='lat' dir='ltr'><strong>enim¹</strong></span> <span class='ocrx_word' id='word_1_67' title='bbox 766 1425 1133 1507; x_wconf 78' lang='lat' dir='ltr'><strong>⁸accolunt</strong></span> <span class='ocrx_word' id='word_1_68' title='bbox 1174 1438 1471 1532; x_wconf 63' lang='lat' dir='ltr'><strong>Scythae,</strong></span> <span class='ocrx_word' id='word_1_69' title='bbox 1513 1453 1584 1508; x_wconf 89' lang='lat' dir='ltr'><strong>et</strong></span> <span class='ocrx_word' id='word_1_70' title='bbox 1617 1464 1739 1533; x_wconf 89' lang='lat' dir='ltr'><strong>per</strong></span> <span class='ocrx_word' id='word_1_71' title='bbox 1779 1439 2120 1532; x_wconf 79' lang='lat' dir='ltr'><strong>angustias</strong></span> <span class='ocrx_word' id='word_1_72' title='bbox 2153 1437 2328 1504; x_wconf 85' lang='lat' dir='ltr'><strong>inter</strong></span> <span class='ocrx_word' id='word_1_73' title='bbox 2377 1458 2450 1502; x_wconf 88' lang='lat' dir='ltr'><strong>se</strong></span> <span class='ocrx_word' id='word_1_74' title='bbox 2499 1457 2682 1501; x_wconf 87' lang='lat' dir='ltr'><strong>com·</strong></span> 
     </span>
    </p>
   </div>
   <div class='ocr_carea' id='block_1_11' title="bbox 542 1556 843 1611">
    <p class='ocr_par' dir='ltr' id='par_1_11' title="bbox 542 1556 843 1611">
     <span class='ocr_line' id='line_1_14' title="bbox 542 1556 843 1611; baseline 0.009 -2"><span class='ocrx_word' id='word_1_75' title='bbox 542 1556 843 1611; x_wconf 88' lang='lat' dir='ltr'><strong>meant.</strong></span> 
     </span>
    </p>
   </div>
   <div class='ocr_carea' id='block_1_12' title="bbox 829 1538 2684 1633">
    <p class='ocr_par' dir='ltr' id='par_1_12' title="bbox 829 1538 2684 1633">
     <span class='ocr_line' id='line_1_15' title="bbox 829 1538 2684 1633; baseline -0.002 -22.845"><span class='ocrx_word' id='word_1_76' title='bbox 829 1542 1061 1612; x_wconf 90' lang='lat' dir='ltr'><strong>·hinc</strong></span> <span class='ocrx_word' id='word_1_77' title='bbox 1111 1543 1518 1614; x_wconf 83' lang='lat' dir='ltr'><strong>Nomades¹⁹</strong></span> <span class='ocrx_word' id='word_1_78' title='bbox 1533 1597 1554 1633; x_wconf 90' lang='lat'><strong><em>‚</em></strong></span> <span class='ocrx_word' id='word_1_79' title='bbox 1594 1560 1664 1614; x_wconf 88' lang='lat' dir='ltr'><strong>et</strong></span> <span class='ocrx_word' id='word_1_80' title='bbox 1705 1547 2116 1615; x_wconf 82' lang='lat' dir='ltr'><strong>Sauromatae</strong></span> <span class='ocrx_word' id='word_1_81' title='bbox 2169 1538 2396 1610; x_wconf 87' lang='lat' dir='ltr'><strong>multis</strong></span> <span class='ocrx_word' id='word_1_82' title='bbox 2465 1540 2684 1608; x_wconf 87' lang='lat' dir='ltr'><strong>nomi-</strong></span> 
     </span>
    </p>
   </div>
   <div class='ocr_carea' id='block_1_13' title="bbox 474 1645 2682 1748">
    <p class='ocr_par' dir='ltr' id='par_1_13' title="bbox 474 1645 2682 1748">
     <span class='ocr_line' id='line_1_16' title="bbox 474 1645 2682 1748; baseline -0.003 -28"><span class='ocrx_word' id='word_1_83' title='bbox 474 1663 509 1720; x_wconf 76' lang='grc'>4</span> <span class='ocrx_word' id='word_1_84' title='bbox 545 1647 741 1718; x_wconf 89' lang='lat' dir='ltr'><strong>nibus</strong></span> <span class='ocrx_word' id='word_1_85' title='bbox 761 1701 781 1737; x_wconf 93' lang='lat'>‚</span> <span class='ocrx_word' id='word_1_86' title='bbox 816 1646 1061 1744; x_wconf 76' lang='lat' dir='ltr'><strong>illiuc²⁰</strong></span> <span class='ocrx_word' id='word_1_87' title='bbox 1096 1649 1341 1720; x_wconf 86' lang='lat' dir='ltr'><strong>Abzoae</strong></span> <span class='ocrx_word' id='word_1_88' title='bbox 1376 1676 1514 1720; x_wconf 88' lang='lat' dir='ltr'><strong>non</strong></span> <span class='ocrx_word' id='word_1_89' title='bbox 1544 1651 1990 1748; x_wconf 80' lang='lat' dir='ltr'><strong>paucioribus,</strong></span> <span class='ocrx_word' id='word_1_90' title='bbox 2018 1647 2126 1717; x_wconf 88' lang='lat' dir='ltr'><strong>Ab</strong></span> <span class='ocrx_word' id='word_1_91' title='bbox 2153 1646 2490 1718; x_wconf 83' lang='lat' dir='ltr'><strong>introitu²¹</strong></span> <span class='ocrx_word' id='word_1_92' title='bbox 2523 1645 2682 1713; x_wconf 82' lang='lat' dir='ltr'><strong>dex-</strong></span> 
     </span>
    </p>
   </div>
   <div class='ocr_carea' id='block_1_14' title="bbox 534 1857 1575 3917">
    <p class='ocr_par' dir='ltr' id='par_1_14' title="bbox 541 1857 1571 2087">
     <span class='ocr_line' id='line_1_17' title="bbox 629 1857 1570 1928; baseline 0.003 -18"><span class='ocrx_word' id='word_1_93' title='bbox 629 1875 723 1910; x_wconf 81' lang='lat'><strong>11.</strong></span> <span class='ocrx_word' id='word_1_94' title='bbox 752 1861 911 1908; x_wconf 77' lang='lat' dir='ltr'><strong>XXV</strong></span> <span class='ocrx_word' id='word_1_95' title='bbox 940 1857 1019 1911; x_wconf 81' lang='lat' dir='ltr'><strong>M.</strong></span> <span class='ocrx_word' id='word_1_96' title='bbox 1044 1877 1179 1928; x_wconf 80' lang='lat' dir='ltr'><strong>pass.</strong></span> <span class='ocrx_word' id='word_1_97' title='bbox 1210 1859 1328 1912; x_wconf 84' lang='lat' dir='ltr'><strong>Hoc</strong></span> <span class='ocrx_word' id='word_1_98' title='bbox 1350 1870 1462 1925; x_wconf 78' lang='lat' dir='ltr'><strong>est,</strong></span> <span class='ocrx_word' id='word_1_99' title='bbox 1488 1860 1570 1913; x_wconf 76' lang='lat' dir='ltr'><strong>vi-</strong></span> 
     </span>
     <span class='ocr_line' id='line_1_18' title="bbox 546 1935 1571 2010; baseline 0.003 -21"><span class='ocrx_word' id='word_1_100' title='bbox 546 1935 654 1990; x_wconf 76' lang='lat' dir='ltr'><strong>cies</strong></span> <span class='ocrx_word' id='word_1_101' title='bbox 680 1948 737 1989; x_wconf 87' lang='lat' dir='ltr'><strong>et</strong></span> <span class='ocrx_word' id='word_1_102' title='bbox 760 1937 1049 2010; x_wconf 75' lang='lat' dir='ltr'><strong>quinquies</strong></span> <span class='ocrx_word' id='word_1_103' title='bbox 1074 1939 1311 1992; x_wconf 82' lang='lat' dir='ltr'><strong>centenis</strong></span> <span class='ocrx_word' id='word_1_104' title='bbox 1330 1938 1571 1992; x_wconf 79' lang='lat' dir='ltr'><strong>millibus</strong></span> 
     </span>
     <span class='ocr_line' id='line_1_19' title="bbox 541 2013 899 2087; baseline -0.008 -17"><span class='ocrx_word' id='word_1_105' title='bbox 541 2033 683 2087; x_wconf 77' lang='lat' dir='ltr'><strong>pm.</strong></span> <span class='ocrx_word' id='word_1_106' title='bbox 716 2013 899 2068; x_wconf 56' lang='lat' dir='ltr'><strong>Banu.</strong></span> 
     </span>
    </p>

    <p class='ocr_par' dir='ltr' id='par_1_15' title="bbox 540 2097 1575 2943">
     <span class='ocr_line' id='line_1_20' title="bbox 632 2097 1426 2168; baseline 0.001 -18"><span class='ocrx_word' id='word_1_107' title='bbox 632 2113 724 2150; x_wconf 76' lang='lat'><strong>12.</strong></span> <span class='ocrx_word' id='word_1_108' title='bbox 760 2097 997 2168; x_wconf 74' lang='lat' dir='ltr'><strong>[rrumpe&#39;t</strong></span> <span class='ocrx_word' id='word_1_109' title='bbox 1031 2107 1207 2149; x_wconf 79' lang='lat' dir='ltr'><strong>autem.</strong></span> <span class='ocrx_word' id='word_1_110' title='bbox 1252 2097 1426 2164; x_wconf 79' lang='lat' dir='ltr'><strong>Mela,</strong></span> 
     </span>
     <span class='ocr_line' id='line_1_21' title="bbox 541 2175 1575 2248; baseline 0.004 -20"><span class='ocrx_word' id='word_1_111' title='bbox 541 2175 650 2238; x_wconf 88' lang='lat'>111,</span> <span class='ocrx_word' id='word_1_112' title='bbox 671 2193 789 2246; x_wconf 78' lang='lat' dir='ltr'><strong>cap.</strong></span> <span class='ocrx_word' id='word_1_113' title='bbox 828 2176 899 2230; x_wconf 81' lang='lat'><strong>53</strong></span> <span class='ocrx_word' id='word_1_114' title='bbox 924 2193 939 2228; x_wconf 89' lang='lat'><strong>:</strong></span> <span class='ocrx_word' id='word_1_115' title='bbox 973 2201 997 2224; x_wconf 76' lang='grc' dir='ltr'><strong>ι</strong></span> <span class='ocrx_word' id='word_1_116' title='bbox 1024 2175 1208 2240; x_wconf 81' lang='lat' dir='ltr'><strong>Mare,</strong></span> <span class='ocrx_word' id='word_1_117' title='bbox 1234 2177 1441 2248; x_wconf 86' lang='lat' dir='ltr'><strong>inquit,</strong></span> <span class='ocrx_word' id='word_1_118' title='bbox 1472 2177 1575 2231; x_wconf 76' lang='lat' dir='ltr'><strong>Cn·</strong></span> 
     </span>
     <span class='ocr_line' id='line_1_22' title="bbox 540 2253 1570 2328; baseline 0.001 -21"><span class='ocrx_word' id='word_1_119' title='bbox 540 2253 717 2326; x_wconf 69' lang='lat' dir='ltr'><strong>epium</strong></span> <span class='ocrx_word' id='word_1_120' title='bbox 731 2290 750 2318; x_wconf 84' lang='lat'><strong>,</strong></span> <span class='ocrx_word' id='word_1_121' title='bbox 772 2267 836 2308; x_wconf 85' lang='lat' dir='ltr'><strong>ut</strong></span> <span class='ocrx_word' id='word_1_122' title='bbox 858 2268 1102 2326; x_wconf 74' lang='lat' dir='ltr'><strong>angusto,</strong></span> <span class='ocrx_word' id='word_1_123' title='bbox 1128 2255 1200 2308; x_wconf 79' lang='lat' dir='ltr'><strong>ita</strong></span> <span class='ocrx_word' id='word_1_124' title='bbox 1219 2256 1382 2328; x_wconf 77' lang='lat' dir='ltr'><strong>longo</strong></span> <span class='ocrx_word' id='word_1_125' title='bbox 1408 2256 1570 2310; x_wconf 77' lang='lat' dir='ltr'><strong>etiam</strong></span> 
     </span>
     <span class='ocr_line' id='line_1_23' title="bbox 543 2333 1568 2406; baseline 0.004 -20"><span class='ocrx_word' id='word_1_126' title='bbox 543 2333 680 2387; x_wconf 81' lang='lat' dir='ltr'><strong>freto</strong></span> <span class='ocrx_word' id='word_1_127' title='bbox 698 2334 936 2406; x_wconf 87' lang='lat' dir='ltr'><strong>primum</strong></span> <span class='ocrx_word' id='word_1_128' title='bbox 960 2346 1141 2400; x_wconf 72' lang='lat' dir='ltr'><strong>terras,</strong></span> <span class='ocrx_word' id='word_1_129' title='bbox 1158 2336 1307 2406; x_wconf 78' lang='lat' dir='ltr'><strong>quasi</strong></span> <span class='ocrx_word' id='word_1_130' title='bbox 1336 2335 1536 2390; x_wconf 79' lang='lat' dir='ltr'><strong>fluvius</strong></span> <span class='ocrx_word' id='word_1_131' title='bbox 1549 2373 1568 2406; x_wconf 81' lang='lat'>‚</span> 
     </span>
     <span class='ocr_line' id='line_1_24' title="bbox 542 2411 1568 2485; baseline 0.003 -19"><span class='ocrx_word' id='word_1_132' title='bbox 542 2411 808 2484; x_wconf 76' lang='lat' dir='ltr'><strong>irrumpit</strong></span> <span class='ocrx_word' id='word_1_133' title='bbox 830 2431 844 2467; x_wconf 73' lang='grc' dir='ltr'><strong><em>ε</em></strong></span> <span class='ocrx_word' id='word_1_134' title='bbox 890 2427 1053 2485; x_wconf 82' lang='lat' dir='ltr'><strong>atque</strong></span> <span class='ocrx_word' id='word_1_135' title='bbox 1101 2414 1195 2467; x_wconf 85' lang='lat' dir='ltr'><strong>uhi</strong></span> <span class='ocrx_word' id='word_1_136' title='bbox 1232 2428 1381 2468; x_wconf 85' lang='lat' dir='ltr'><strong>recto</strong></span> <span class='ocrx_word' id='word_1_137' title='bbox 1417 2415 1568 2469; x_wconf 78' lang='lat' dir='ltr'><strong>alveo</strong></span> 
     </span>
     <span class='ocr_line' id='line_1_25' title="bbox 543 2491 1569 2558; baseline 0.003 -13"><span class='ocrx_word' id='word_1_138' title='bbox 543 2491 786 2558; x_wconf 84' lang='lat' dir='ltr'><strong>influxit,</strong></span> <span class='ocrx_word' id='word_1_139' title='bbox 814 2494 871 2546; x_wconf 89' lang='lat' dir='ltr'><strong>in</strong></span> <span class='ocrx_word' id='word_1_140' title='bbox 892 2505 999 2546; x_wconf 79' lang='lat' dir='ltr'><strong>tres</strong></span> <span class='ocrx_word' id='word_1_141' title='bbox 1027 2492 1175 2547; x_wconf 74' lang='lat' dir='ltr'><strong>sinus</strong></span> <span class='ocrx_word' id='word_1_142' title='bbox 1195 2492 1522 2548; x_wconf 76' lang='lat' dir='ltr'><strong>diffunditur</strong></span> <span class='ocrx_word' id='word_1_143' title='bbox 1553 2513 1569 2548; x_wconf 73' lang='grc' dir='ltr'><strong>ε</strong></span> 
     </span>
     <span class='ocr_line' id='line_1_26' title="bbox 546 2573 1566 2644; baseline 0.002 -19"><span class='ocrx_word' id='word_1_144' title='bbox 546 2581 737 2626; x_wconf 87' lang='lat' dir='ltr'><strong>contra</strong></span> <span class='ocrx_word' id='word_1_145' title='bbox 767 2591 829 2626; x_wconf 78' lang='lat' dir='ltr'><strong>os</strong></span> <span class='ocrx_word' id='word_1_146' title='bbox 867 2573 1049 2644; x_wconf 84' lang='lat' dir='ltr'><strong>ipsum</strong></span> <span class='ocrx_word' id='word_1_147' title='bbox 1068 2611 1085 2638; x_wconf 88' lang='lat'>,</span> <span class='ocrx_word' id='word_1_148' title='bbox 1114 2573 1173 2624; x_wconf 89' lang='lat' dir='ltr'><strong>in</strong></span> <span class='ocrx_word' id='word_1_149' title='bbox 1199 2573 1526 2644; x_wconf 73' lang='lat' dir='ltr'><strong>Hyrcanium</strong></span> <span class='ocrx_word' id='word_1_150' title='bbox 1550 2591 1566 2628; x_wconf 68' lang='grc' dir='ltr'><strong><em>ε</em></strong></span> 
     </span>
     <span class='ocr_line' id='line_1_27' title="bbox 544 2649 1572 2724; baseline 0.003 -22"><span class='ocrx_word' id='word_1_151' title='bbox 544 2649 616 2704; x_wconf 77' lang='lat' dir='ltr'><strong>ed</strong></span> <span class='ocrx_word' id='word_1_152' title='bbox 662 2651 927 2718; x_wconf 71' lang='lat' dir='ltr'><strong>sinistram</strong></span> <span class='ocrx_word' id='word_1_153' title='bbox 942 2689 959 2716; x_wconf 87' lang='lat'><strong>,</strong></span> <span class='ocrx_word' id='word_1_154' title='bbox 999 2651 1059 2703; x_wconf 88' lang='lat' dir='ltr'><strong>in</strong></span> <span class='ocrx_word' id='word_1_155' title='bbox 1103 2651 1414 2724; x_wconf 81' lang='lat' dir='ltr'><strong>Scythicum</strong></span> <span class='ocrx_word' id='word_1_156' title='bbox 1442 2670 1458 2704; x_wconf 90' lang='lat'><strong>:</strong></span> <span class='ocrx_word' id='word_1_157' title='bbox 1499 2651 1572 2706; x_wconf 79' lang='lat' dir='ltr'><strong>ad</strong></span> 
     </span>
     <span class='ocr_line' id='line_1_28' title="bbox 542 2729 1572 2804; baseline 0.002 -20"><span class='ocrx_word' id='word_1_158' title='bbox 542 2729 785 2784; x_wconf 85' lang='lat' dir='ltr'><strong>dextram</strong></span> <span class='ocrx_word' id='word_1_159' title='bbox 801 2769 817 2796; x_wconf 87' lang='lat'><strong>,</strong></span> <span class='ocrx_word' id='word_1_160' title='bbox 844 2731 903 2784; x_wconf 91' lang='lat' dir='ltr'><strong>in</strong></span> <span class='ocrx_word' id='word_1_161' title='bbox 923 2748 1047 2783; x_wconf 87' lang='lat' dir='ltr'><strong>eum</strong></span> <span class='ocrx_word' id='word_1_162' title='bbox 1066 2749 1229 2802; x_wconf 87' lang='lat' dir='ltr'><strong>quem</strong></span> <span class='ocrx_word' id='word_1_163' title='bbox 1261 2732 1480 2804; x_wconf 82' lang='lat' dir='ltr'><strong>proprie</strong></span> <span class='ocrx_word' id='word_1_164' title='bbox 1517 2743 1572 2786; x_wconf 84' lang='lat' dir='ltr'><strong>et</strong></span> 
     </span>
     <span class='ocr_line' id='line_1_29' title="bbox 542 2809 1563 2884; baseline 0.002 -20"><span class='ocrx_word' id='word_1_165' title='bbox 542 2809 705 2864; x_wconf 80' lang='lat' dir='ltr'><strong>totius</strong></span> <span class='ocrx_word' id='word_1_166' title='bbox 724 2810 943 2864; x_wconf 87' lang='lat' dir='ltr'><strong>nomine</strong></span> <span class='ocrx_word' id='word_1_167' title='bbox 963 2811 1217 2884; x_wconf 75' lang='lat' dir='ltr'><strong>Caspium</strong></span> <span class='ocrx_word' id='word_1_168' title='bbox 1240 2811 1563 2884; x_wconf 76' lang='lat' dir='ltr'><strong>appellant.-</strong></span> 
     </span>
     <span class='ocr_line' id='line_1_30' title="bbox 540 2887 728 2943; baseline 0 -1"><span class='ocrx_word' id='word_1_169' title='bbox 540 2887 728 2943; x_wconf 71' lang='lat' dir='ltr'><strong>Hm.</strong></span> 
     </span>
    </p>

    <p class='ocr_par' dir='ltr' id='par_1_16' title="bbox 542 2969 1568 3102">
     <span class='ocr_line' id='line_1_31' title="bbox 628 2969 1568 3041; baseline 0.003 -19"><span class='ocrx_word' id='word_1_170' title='bbox 628 2969 719 3022; x_wconf 81' lang='lat'><strong>13.</strong></span> <span class='ocrx_word' id='word_1_171' title='bbox 765 2969 854 3023; x_wconf 77' lang='lat' dir='ltr'><strong>Ee.</strong></span> <span class='ocrx_word' id='word_1_172' title='bbox 879 2970 1009 3024; x_wconf 75' lang='lat' dir='ltr'><strong>Haec</strong></span> <span class='ocrx_word' id='word_1_173' title='bbox 1043 2988 1148 3024; x_wconf 78' lang='lat' dir='ltr'><strong>vox</strong></span> <span class='ocrx_word' id='word_1_174' title='bbox 1174 2971 1230 3024; x_wconf 85' lang='lat' dir='ltr'><strong>in</strong></span> <span class='ocrx_word' id='word_1_175' title='bbox 1256 2970 1568 3041; x_wconf 73' lang='lat' dir='ltr'><strong>Delecamp.</strong></span> 
     </span>
     <span class='ocr_line' id='line_1_32' title="bbox 542 3044 831 3102; baseline 0.003 -1"><span class='ocrx_word' id='word_1_176' title='bbox 542 3044 705 3101; x_wconf 79' lang='lat' dir='ltr'><strong>deest.</strong></span> <span class='ocrx_word' id='word_1_177' title='bbox 725 3047 831 3102; x_wconf 86' lang='lat' dir='ltr'><strong>En.</strong></span> 
     </span>
    </p>

    <p class='ocr_par' dir='ltr' id='par_1_17' title="bbox 628 3128 1566 3190">
     <span class='ocr_line' id='line_1_33' title="bbox 628 3128 1566 3190; baseline 0.001 -8"><span class='ocrx_word' id='word_1_178' title='bbox 628 3128 998 3190; x_wconf 69' lang='lat' dir='ltr'><strong>14.Maeotium.</strong></span> <span class='ocrx_word' id='word_1_179' title='bbox 1014 3128 1193 3182; x_wconf 71' lang='lat' dir='ltr'><strong>Delec.</strong></span> <span class='ocrx_word' id='word_1_180' title='bbox 1212 3128 1435 3184; x_wconf 81' lang='lat' dir='ltr'><strong>Moeotin.</strong></span> <span class='ocrx_word' id='word_1_181' title='bbox 1456 3129 1566 3183; x_wconf 79' lang='lat' dir='ltr'><strong>En.</strong></span> 
     </span>
    </p>

    <p class='ocr_par' dir='ltr' id='par_1_18' title="bbox 536 3206 1567 3676">
     <span class='ocr_line' id='line_1_34' title="bbox 629 3206 1567 3262; baseline 0 -2"><span class='ocrx_word' id='word_1_182' title='bbox 629 3206 821 3262; x_wconf 82' lang='lat' dir='ltr'><em>15.Ah</em></span> <span class='ocrx_word' id='word_1_183' title='bbox 841 3227 924 3258; x_wconf 77' lang='lat' dir='ltr'><strong>ore</strong></span> <span class='ocrx_word' id='word_1_184' title='bbox 944 3207 1245 3261; x_wconf 74' lang='lat' dir='ltr'><strong>descendens.</strong></span> <span class='ocrx_word' id='word_1_185' title='bbox 1270 3209 1391 3262; x_wconf 85' lang='lat' dir='ltr'><strong>Dal.</strong></span> <span class='ocrx_word' id='word_1_186' title='bbox 1408 3209 1473 3261; x_wconf 78' lang='lat' dir='ltr'><strong>ab</strong></span> <span class='ocrx_word' id='word_1_187' title='bbox 1486 3229 1567 3261; x_wconf 80' lang='lat' dir='ltr'><strong>ore</strong></span> 
     </span>
     <span class='ocr_line' id='line_1_35' title="bbox 541 3285 1566 3342; baseline 0.002 -2"><span class='ocrx_word' id='word_1_188' title='bbox 541 3286 803 3341; x_wconf 72' lang='lat' dir='ltr'><strong>discedens.</strong></span> <span class='ocrx_word' id='word_1_189' title='bbox 824 3285 932 3342; x_wconf 82' lang='lat' dir='ltr'><strong>En.</strong></span> <span class='ocrx_word' id='word_1_190' title='bbox 952 3287 1223 3340; x_wconf 81' lang='lat' dir='ltr'><strong>-Veluti</strong></span> <span class='ocrx_word' id='word_1_191' title='bbox 1245 3287 1314 3340; x_wconf 77' lang='lat' dir='ltr'><strong>ab</strong></span> <span class='ocrx_word' id='word_1_192' title='bbox 1336 3305 1400 3342; x_wconf 90' lang='lat' dir='ltr'><strong>eo</strong></span> <span class='ocrx_word' id='word_1_193' title='bbox 1426 3289 1566 3342; x_wconf 82' lang='lat' dir='ltr'><strong>freto</strong></span> 
     </span>
     <span class='ocr_line' id='line_1_36' title="bbox 542 3361 1566 3440; baseline 0.001 -20"><span class='ocrx_word' id='word_1_194' title='bbox 542 3361 695 3438; x_wconf 77' lang='lat' dir='ltr'><strong>(que</strong></span> <span class='ocrx_word' id='word_1_195' title='bbox 734 3365 1035 3437; x_wconf 84' lang='lat' dir='ltr'><strong>irrumpere</strong></span> <span class='ocrx_word' id='word_1_196' title='bbox 1080 3384 1111 3419; x_wconf 73' lang='lat' dir='ltr'><strong>a</strong></span> <span class='ocrx_word' id='word_1_197' title='bbox 1147 3366 1401 3440; x_wconf 81' lang='lat' dir='ltr'><strong>Scythico</strong></span> <span class='ocrx_word' id='word_1_198' title='bbox 1430 3367 1566 3421; x_wconf 80' lang='lat' dir='ltr'><strong>mari</strong></span> 
     </span>
     <span class='ocr_line' id='line_1_37' title="bbox 540 3441 1565 3512; baseline -0.001 -11"><span class='ocrx_word' id='word_1_199' title='bbox 540 3445 601 3502; x_wconf 88' lang='lat' dir='ltr'><strong>in</strong></span> <span class='ocrx_word' id='word_1_200' title='bbox 627 3459 795 3500; x_wconf 76' lang='lat' dir='ltr'><strong>terras</strong></span> <span class='ocrx_word' id='word_1_201' title='bbox 820 3441 1196 3510; x_wconf 81' lang='lat' dir='ltr'><strong>credebatur),</strong></span> <span class='ocrx_word' id='word_1_202' title='bbox 1224 3446 1330 3500; x_wconf 90' lang='lat' dir='ltr'><strong>hoc</strong></span> <span class='ocrx_word' id='word_1_203' title='bbox 1364 3459 1471 3512; x_wconf 87' lang='lat' dir='ltr'><strong>est,</strong></span> <span class='ocrx_word' id='word_1_204' title='bbox 1496 3447 1565 3500; x_wconf 78' lang='lat' dir='ltr'><strong>ab</strong></span> 
     </span>
     <span class='ocr_line' id='line_1_38' title="bbox 542 3524 1566 3596; baseline 0.003 -19"><span class='ocrx_word' id='word_1_205' title='bbox 542 3524 682 3579; x_wconf 77' lang='lat' dir='ltr'><strong>ostio</strong></span> <span class='ocrx_word' id='word_1_206' title='bbox 730 3524 919 3596; x_wconf 65' lang='lat' dir='ltr'><strong>Volgo</strong></span> <span class='ocrx_word' id='word_1_207' title='bbox 974 3525 1242 3591; x_wconf 84' lang='lat' dir='ltr'><strong>fluminis,</strong></span> <span class='ocrx_word' id='word_1_208' title='bbox 1288 3525 1566 3580; x_wconf 74' lang='lat' dir='ltr'><strong>Maeotium</strong></span> 
     </span>
     <span class='ocr_line' id='line_1_39' title="bbox 536 3603 1379 3676; baseline -0.005 -18"><span class='ocrx_word' id='word_1_209' title='bbox 536 3603 717 3658; x_wconf 79' lang='lat' dir='ltr'><strong>lacum</strong></span> <span class='ocrx_word' id='word_1_210' title='bbox 740 3617 886 3676; x_wconf 79' lang='lat' dir='ltr'><strong>petat</strong></span> <span class='ocrx_word' id='word_1_211' title='bbox 901 3623 1175 3658; x_wconf 85' lang='lat' dir='ltr'><strong>mucrone.</strong></span> <span class='ocrx_word' id='word_1_212' title='bbox 1202 3603 1379 3656; x_wconf 53' lang='lat' dir='ltr'><strong>Hiun.</strong></span> 
     </span>
    </p>

    <p class='ocr_par' dir='ltr' id='par_1_19' title="bbox 534 3683 1564 3917">
     <span class='ocr_line' id='line_1_40' title="bbox 626 3683 1564 3756; baseline 0.002 -20"><span class='ocrx_word' id='word_1_213' title='bbox 626 3687 716 3738; x_wconf 82' lang='grc' dir='ltr'><strong>ιδ.</strong></span> <span class='ocrx_word' id='word_1_214' title='bbox 772 3683 955 3738; x_wconf 55' lang='lat' dir='ltr'><strong>Sextilis·</strong></span> <span class='ocrx_word' id='word_1_215' title='bbox 1001 3683 1104 3738; x_wconf 82' lang='lat' dir='ltr'><strong>Hic</strong></span> <span class='ocrx_word' id='word_1_216' title='bbox 1160 3684 1564 3756; x_wconf 76' lang='lat' dir='ltr'><strong>interpolatores</strong></span> 
     </span>
     <span class='ocr_line' id='line_1_41' title="bbox 536 3763 1564 3835; baseline 0.001 -19"><span class='ocrx_word' id='word_1_217' title='bbox 536 3763 722 3830; x_wconf 86' lang='lat' dir='ltr'><strong>Plinii,</strong></span> <span class='ocrx_word' id='word_1_218' title='bbox 742 3763 941 3835; x_wconf 81' lang='lat' dir='ltr'><strong>quibus</strong></span> <span class='ocrx_word' id='word_1_219' title='bbox 966 3763 1081 3818; x_wconf 67' lang='lat' dir='ltr'><strong>hoc</strong></span> <span class='ocrx_word' id='word_1_220' title='bbox 1104 3783 1212 3818; x_wconf 76' lang='lat' dir='ltr'><strong>vox</strong></span> <span class='ocrx_word' id='word_1_221' title='bbox 1240 3763 1385 3818; x_wconf 82' lang='lat' dir='ltr'><strong>haud</strong></span> <span class='ocrx_word' id='word_1_222' title='bbox 1414 3765 1564 3820; x_wconf 78' lang='lat' dir='ltr'><strong>fami-</strong></span> 
     </span>
     <span class='ocr_line' id='line_1_42' title="bbox 534 3841 1561 3917; baseline 0.004 -23"><span class='ocrx_word' id='word_1_223' title='bbox 534 3841 681 3896; x_wconf 77' lang='lat' dir='ltr'><strong>liaris</strong></span> <span class='ocrx_word' id='word_1_224' title='bbox 700 3841 824 3909; x_wconf 83' lang='lat' dir='ltr'><strong>fuit,</strong></span> <span class='ocrx_word' id='word_1_225' title='bbox 842 3861 947 3916; x_wconf 90' lang='lat' dir='ltr'><strong>pro</strong></span> <span class='ocrx_word' id='word_1_226' title='bbox 963 3843 1131 3909; x_wconf 73' lang='lat' dir='ltr'><strong>sicilis,</strong></span> <span class='ocrx_word' id='word_1_227' title='bbox 1156 3843 1329 3910; x_wconf 76' lang='lat' dir='ltr'><strong>felici,</strong></span> <span class='ocrx_word' id='word_1_228' title='bbox 1355 3857 1418 3898; x_wconf 86' lang='lat' dir='ltr'><strong>ut</strong></span> <span class='ocrx_word' id='word_1_229' title='bbox 1440 3846 1561 3917; x_wconf 84' lang='lat' dir='ltr'><strong>qui-</strong></span> 
     </span>
    </p>
   </div>
   <div class='ocr_carea' id='block_1_15' title="bbox 1469 2097 1568 2151">
    <p class='ocr_par' dir='ltr' id='par_1_20' title="bbox 1469 2097 1568 2151">
     <span class='ocr_line' id='line_1_43' title="bbox 1469 2097 1568 2151; baseline 0.025 -2"><span class='ocrx_word' id='word_1_230' title='bbox 1469 2097 1568 2151; x_wconf 87' lang='lat' dir='ltr'><strong>lib.</strong></span> 
     </span>
    </p>
   </div>
   <div class='ocr_carea' id='block_1_16' title="bbox 534 3919 1569 3994">
    <p class='ocr_par' dir='ltr' id='par_1_21' title="bbox 534 3919 1569 3994">
     <span class='ocr_line' id='line_1_44' title="bbox 534 3919 1569 3994; baseline 0.008 -20"><span class='ocrx_word' id='word_1_231' title='bbox 534 3920 659 3974; x_wconf 86' lang='lat' dir='ltr'><strong>dem</strong></span> <span class='ocrx_word' id='word_1_232' title='bbox 684 3921 962 3986; x_wconf 80' lang='lat' dir='ltr'><strong>rebantur,</strong></span> <span class='ocrx_word' id='word_1_233' title='bbox 982 3923 1401 3994; x_wconf 83' lang='lat' dir='ltr'><strong>conjectatione,</strong></span> <span class='ocrx_word' id='word_1_234' title='bbox 1434 3919 1569 3983; x_wconf 65' lang='lat' dir='ltr'><strong>Sar-¹</strong></span> 
     </span>
    </p>
   </div>
   <div class='ocr_carea' id='block_1_17' title="bbox 532 4000 1562 4152">
    <p class='ocr_par' dir='ltr' id='par_1_22' title="bbox 532 4000 1562 4152">
     <span class='ocr_line' id='line_1_45' title="bbox 536 4000 1558 4072; baseline 0.003 -19"><span class='ocrx_word' id='word_1_235' title='bbox 536 4001 653 4053; x_wconf 68' lang='lat' dir='ltr'><strong>thien·</strong></span> <span class='ocrx_word' id='word_1_236' title='bbox 675 4021 815 4053; x_wconf 76' lang='lat' dir='ltr'><strong>amus</strong></span> <span class='ocrx_word' id='word_1_237' title='bbox 838 4000 1241 4072; x_wconf 72' lang='lat' dir='ltr'><strong>similitudinem</strong></span> <span class='ocrx_word' id='word_1_238' title='bbox 1258 4041 1274 4070; x_wconf 90' lang='lat'>‚</span> <span class='ocrx_word' id='word_1_239' title='bbox 1291 4021 1355 4056; x_wconf 83' lang='lat' dir='ltr'><strong>ex</strong></span> <span class='ocrx_word' id='word_1_240' title='bbox 1380 4003 1558 4057; x_wconf 88' lang='lat' dir='ltr'><strong>Ponto</strong></span> 
     </span>
     <span class='ocr_line' id='line_1_46' title="bbox 532 4079 1562 4152; baseline 0.003 -16"><span class='ocrx_word' id='word_1_241' title='bbox 532 4079 744 4136; x_wconf 83' lang='lat' dir='ltr'><strong>Euxino</strong></span> <span class='ocrx_word' id='word_1_242' title='bbox 768 4081 837 4136; x_wconf 76' lang='lat' dir='ltr'><strong>ab</strong></span> <span class='ocrx_word' id='word_1_243' title='bbox 864 4081 1199 4152; x_wconf 82' lang='lat' dir='ltr'><strong>Hyrcanium</strong></span> <span class='ocrx_word' id='word_1_244' title='bbox 1228 4100 1373 4138; x_wconf 75' lang='lat' dir='ltr'><strong>mare</strong></span> <span class='ocrx_word' id='word_1_245' title='bbox 1394 4095 1562 4138; x_wconf 81' lang='lat' dir='ltr'><strong>trans·</strong></span> 
     </span>
    </p>
   </div>
   <div class='ocr_carea' id='block_1_18' title="bbox 1644 1853 2686 4151">
    <p class='ocr_par' dir='ltr' id='par_1_23' title="bbox 1652 1853 2684 2566">
     <span class='ocr_line' id='line_1_47' title="bbox 1655 1853 2684 1914; baseline -0.008 0"><span class='ocrx_word' id='word_1_246' title='bbox 1655 1860 1910 1914; x_wconf 80' lang='lat' dir='ltr'><strong>tulerunt.</strong></span> <span class='ocrx_word' id='word_1_247' title='bbox 1939 1858 2053 1912; x_wconf 65' lang='lat' dir='ltr'><strong>Noa</strong></span> <span class='ocrx_word' id='word_1_248' title='bbox 2071 1877 2187 1912; x_wconf 84' lang='lat' dir='ltr'><strong>eam</strong></span> <span class='ocrx_word' id='word_1_249' title='bbox 2200 1875 2388 1910; x_wconf 79' lang='lat' dir='ltr'><strong>vocem</strong></span> <span class='ocrx_word' id='word_1_250' title='bbox 2401 1853 2684 1909; x_wconf 78' lang='lat' dir='ltr'><strong>admonitu</strong></span> 
     </span>
     <span class='ocr_line' id='line_1_48' title="bbox 1656 1936 2682 2008; baseline -0.006 -16"><span class='ocrx_word' id='word_1_251' title='bbox 1656 1938 1924 1993; x_wconf 85' lang='lat' dir='ltr'><strong>codicum·</strong></span> <span class='ocrx_word' id='word_1_252' title='bbox 1916 1940 2059 2008; x_wconf 76' lang='lat' dir='ltr'><strong>·.Reg</strong></span> <span class='ocrx_word' id='word_1_253' title='bbox 2097 1955 2149 2003; x_wconf 84' lang='grc' dir='ltr'><strong>ι,</strong></span> <span class='ocrx_word' id='word_1_254' title='bbox 2176 1956 2228 2003; x_wconf 90' lang='grc'><strong>3,</strong></span> <span class='ocrx_word' id='word_1_255' title='bbox 2261 1936 2510 1990; x_wconf 82' lang='lat' dir='ltr'><strong>colbert.</strong></span> <span class='ocrx_word' id='word_1_256' title='bbox 2545 1953 2606 1998; x_wconf 84' lang='grc' dir='ltr'><strong>ι</strong></span> <span class='ocrx_word' id='word_1_257' title='bbox 2631 1953 2682 1994; x_wconf 88' lang='grc'><strong>3,</strong></span> 
     </span>
     <span class='ocr_line' id='line_1_49' title="bbox 1654 2015 2682 2080; baseline -0.007 -8"><span class='ocrx_word' id='word_1_258' title='bbox 1654 2019 1824 2072; x_wconf 78' lang='lat' dir='ltr'><strong>Paris.</strong></span> <span class='ocrx_word' id='word_1_259' title='bbox 1837 2031 1890 2072; x_wconf 90' lang='lat' dir='ltr'><strong>et</strong></span> <span class='ocrx_word' id='word_1_260' title='bbox 1909 2017 2162 2071; x_wconf 82' lang='lat' dir='ltr'><strong>Salmant.</strong></span> <span class='ocrx_word' id='word_1_261' title='bbox 2179 2015 2538 2070; x_wconf 76' lang='lat' dir='ltr'><strong>restituimus.</strong></span> <span class='ocrx_word' id='word_1_262' title='bbox 2551 2015 2682 2080; x_wconf 66' lang='lat' dir='ltr'><strong>Qun</strong></span> 
     </span>
     <span class='ocr_line' id='line_1_50' title="bbox 1656 2092 2684 2167; baseline -0.006 -16"><span class='ocrx_word' id='word_1_263' title='bbox 1656 2097 1736 2151; x_wconf 79' lang='lat' dir='ltr'><strong>vis</strong></span> <span class='ocrx_word' id='word_1_264' title='bbox 1755 2098 1826 2151; x_wconf 83' lang='lat' dir='ltr'><strong>sit</strong></span> <span class='ocrx_word' id='word_1_265' title='bbox 1856 2097 2016 2160; x_wconf 84' lang='lat' dir='ltr'><strong>illius,</strong></span> <span class='ocrx_word' id='word_1_266' title='bbox 2035 2097 2216 2149; x_wconf 77' lang='lat' dir='ltr'><strong>Festus</strong></span> <span class='ocrx_word' id='word_1_267' title='bbox 2241 2095 2574 2167; x_wconf 65' lang='lat' dir='ltr'><strong>explieat:-</strong></span> <span class='ocrx_word' id='word_1_268' title='bbox 2549 2092 2684 2146; x_wconf 73' lang='lat' dir='ltr'><strong>nsi·</strong></span> 
     </span>
     <span class='ocr_line' id='line_1_51' title="bbox 1654 2164 2686 2248; baseline -0.005 -18"><span class='ocrx_word' id='word_1_269' title='bbox 1654 2176 1859 2242; x_wconf 77' lang='lat' dir='ltr'><strong>cilices,</strong></span> <span class='ocrx_word' id='word_1_270' title='bbox 1881 2176 2060 2248; x_wconf 83' lang='lat' dir='ltr'><strong>inquit</strong></span> <span class='ocrx_word' id='word_1_271' title='bbox 2085 2167 2304 2240; x_wconf 75' lang='lat' dir='ltr'><strong>(malim</strong></span> <span class='ocrx_word' id='word_1_272' title='bbox 2329 2193 2433 2246; x_wconf 75' lang='lat' dir='ltr'><strong>ego</strong></span> <span class='ocrx_word' id='word_1_273' title='bbox 2459 2164 2686 2240; x_wconf 77' lang='lat' dir='ltr'><strong>Sieilet),</strong></span> 
     </span>
     <span class='ocr_line' id='line_1_52' title="bbox 1652 2254 2680 2327; baseline -0.006 -16"><span class='ocrx_word' id='word_1_274' title='bbox 1652 2256 1922 2310; x_wconf 67' lang='lat' dir='ltr'><strong>hastarum</strong></span> <span class='ocrx_word' id='word_1_275' title='bbox 1975 2255 2181 2327; x_wconf 81' lang='lat' dir='ltr'><strong>spicula</strong></span> <span class='ocrx_word' id='word_1_276' title='bbox 2231 2254 2358 2308; x_wconf 80' lang='lat' dir='ltr'><strong>lata.</strong></span> <span class='ocrx_word' id='word_1_277' title='bbox 2422 2254 2680 2306; x_wconf 75' lang='lat' dir='ltr'><strong>Ennius.</strong></span> 
     </span>
     <span class='ocr_line' id='line_1_53' title="bbox 1654 2333 2676 2405; baseline -0.002 -17"><span class='ocrx_word' id='word_1_278' title='bbox 1654 2334 1864 2390; x_wconf 84' lang='lat' dir='ltr'><strong>Incedit</strong></span> <span class='ocrx_word' id='word_1_279' title='bbox 1879 2335 2021 2389; x_wconf 76' lang='lat' dir='ltr'><strong>veles</strong></span> <span class='ocrx_word' id='word_1_280' title='bbox 2042 2334 2201 2405; x_wconf 74' lang='lat' dir='ltr'><strong>volgo</strong></span> <span class='ocrx_word' id='word_1_281' title='bbox 2221 2333 2464 2388; x_wconf 78' lang='lat' dir='ltr'><strong>sicilibu’</strong></span> <span class='ocrx_word' id='word_1_282' title='bbox 2493 2333 2676 2386; x_wconf 77' lang='lat' dir='ltr'><strong>latis.-</strong></span> 
     </span>
     <span class='ocr_line' id='line_1_54' title="bbox 1655 2413 2682 2478; baseline -0.006 -8"><span class='ocrx_word' id='word_1_283' title='bbox 1655 2416 1745 2470; x_wconf 89' lang='lat' dir='ltr'><strong>Sic</strong></span> <span class='ocrx_word' id='word_1_284' title='bbox 1763 2415 1904 2468; x_wconf 85' lang='lat' dir='ltr'><strong>enim</strong></span> <span class='ocrx_word' id='word_1_285' title='bbox 1927 2414 2084 2468; x_wconf 76' lang='lat' dir='ltr'><strong>MSS.</strong></span> <span class='ocrx_word' id='word_1_286' title='bbox 2102 2413 2323 2478; x_wconf 76' lang='lat' dir='ltr'><strong>hebent,</strong></span> <span class='ocrx_word' id='word_1_287' title='bbox 2343 2413 2551 2466; x_wconf 72' lang='lat' dir='ltr'><strong>Voesio</strong></span> <span class='ocrx_word' id='word_1_288' title='bbox 2563 2424 2682 2464; x_wconf 66' lang='lat' dir='ltr'><strong>teste</strong></span> 
     </span>
     <span class='ocr_line' id='line_1_55' title="bbox 1653 2493 2178 2566; baseline -0.004 -18"><span class='ocrx_word' id='word_1_289' title='bbox 1653 2493 1712 2548; x_wconf 87' lang='lat' dir='ltr'><strong>in</strong></span> <span class='ocrx_word' id='word_1_290' title='bbox 1733 2494 1968 2566; x_wconf 80' lang='lat' dir='ltr'><strong>Etymol.</strong></span> <span class='ocrx_word' id='word_1_291' title='bbox 1994 2494 2178 2547; x_wconf 62' lang='lat' dir='ltr'><strong>Han.</strong></span> 
     </span>
    </p>

    <p class='ocr_par' dir='ltr' id='par_1_24' title="bbox 1656 2569 2681 2720">
     <span class='ocr_line' id='line_1_56' title="bbox 1741 2569 2681 2646; baseline -0.006 -19"><span class='ocrx_word' id='word_1_292' title='bbox 1741 2592 1827 2646; x_wconf 86' lang='lat'><strong>17.</strong></span> <span class='ocrx_word' id='word_1_293' title='bbox 1869 2574 2064 2628; x_wconf 77' lang='lat' dir='ltr'><strong>Primus</strong></span> <span class='ocrx_word' id='word_1_294' title='bbox 2101 2575 2250 2626; x_wconf 72' lang='lat' dir='ltr'><strong>sinus,</strong></span> <span class='ocrx_word' id='word_1_295' title='bbox 2285 2571 2402 2636; x_wconf 88' lang='lat' dir='ltr'><strong>Qui</strong></span> <span class='ocrx_word' id='word_1_296' title='bbox 2442 2569 2518 2624; x_wconf 77' lang='lat' dir='ltr'><strong>ad</strong></span> <span class='ocrx_word' id='word_1_297' title='bbox 2557 2569 2681 2624; x_wconf 80' lang='lat' dir='ltr'><strong>sini·</strong></span> 
     </span>
     <span class='ocr_line' id='line_1_57' title="bbox 1656 2650 2680 2720; baseline -0.004 -14"><span class='ocrx_word' id='word_1_298' title='bbox 1656 2664 1850 2720; x_wconf 77' lang='lat' dir='ltr'><strong>stram,</strong></span> <span class='ocrx_word' id='word_1_299' title='bbox 1871 2653 1982 2706; x_wconf 75' lang='lat' dir='ltr'><strong>sive</strong></span> <span class='ocrx_word' id='word_1_300' title='bbox 2011 2651 2081 2706; x_wconf 82' lang='lat' dir='ltr'><strong>ad</strong></span> <span class='ocrx_word' id='word_1_301' title='bbox 2107 2665 2288 2706; x_wconf 86' lang='lat' dir='ltr'><strong>ortum</strong></span> <span class='ocrx_word' id='word_1_302' title='bbox 2315 2665 2592 2705; x_wconf 76' lang='lat' dir='ltr'><strong>curvatur.</strong></span> <span class='ocrx_word' id='word_1_303' title='bbox 2615 2650 2680 2703; x_wconf 77' lang='grc' dir='ltr'><strong>Β.</strong></span> 
     </span>
    </p>

    <p class='ocr_par' dir='ltr' id='par_1_25' title="bbox 1653 2729 2684 2945">
     <span class='ocr_line' id='line_1_58' title="bbox 1740 2729 2684 2804; baseline 0 -18"><span class='ocrx_word' id='word_1_304' title='bbox 1740 2734 1828 2786; x_wconf 86' lang='grc' dir='ltr'><strong>ι8.</strong></span> <span class='ocrx_word' id='word_1_305' title='bbox 1863 2733 2109 2804; x_wconf 77' lang='lat' dir='ltr'><strong>Utrimque</strong></span> <span class='ocrx_word' id='word_1_306' title='bbox 2143 2733 2286 2784; x_wconf 73' lang='lat' dir='ltr'><strong>enim.</strong></span> <span class='ocrx_word' id='word_1_307' title='bbox 2327 2729 2420 2782; x_wconf 74' lang='lat' dir='ltr'><strong>Ab</strong></span> <span class='ocrx_word' id='word_1_308' title='bbox 2451 2743 2684 2802; x_wconf 77' lang='lat' dir='ltr'><strong>utroque</strong></span> 
     </span>
     <span class='ocr_line' id='line_1_59' title="bbox 1655 2811 2682 2882; baseline 0 -17"><span class='ocrx_word' id='word_1_309' title='bbox 1655 2811 1777 2865; x_wconf 81' lang='lat' dir='ltr'><strong>freti</strong></span> <span class='ocrx_word' id='word_1_310' title='bbox 1805 2811 1980 2875; x_wconf 78' lang='lat' dir='ltr'><strong>illius,</strong></span> <span class='ocrx_word' id='word_1_311' title='bbox 2010 2812 2298 2882; x_wconf 74' lang='lat' dir='ltr'><strong>sinusque,</strong></span> <span class='ocrx_word' id='word_1_312' title='bbox 2335 2822 2389 2862; x_wconf 79' lang='lat' dir='ltr'><strong>et</strong></span> <span class='ocrx_word' id='word_1_313' title='bbox 2413 2812 2682 2880; x_wconf 73' lang='lat' dir='ltr'><strong>angust&#39;n·</strong></span> 
     </span>
     <span class='ocr_line' id='line_1_60' title="bbox 1653 2889 2182 2945; baseline -0.004 -1"><span class='ocrx_word' id='word_1_314' title='bbox 1653 2909 1776 2944; x_wconf 83' lang='lat' dir='ltr'><strong>rum</strong></span> <span class='ocrx_word' id='word_1_315' title='bbox 1795 2891 1976 2945; x_wconf 74' lang='lat' dir='ltr'><strong>latere.</strong></span> <span class='ocrx_word' id='word_1_316' title='bbox 2000 2889 2182 2944; x_wconf 68' lang='lat' dir='ltr'><strong>man.</strong></span> 
     </span>
    </p>

    <p class='ocr_par' dir='ltr' id='par_1_26' title="bbox 1649 2968 2681 3597">
     <span class='ocr_line' id='line_1_61' title="bbox 1739 2968 2678 3041; baseline -0.004 -15"><span class='ocrx_word' id='word_1_317' title='bbox 1739 2989 1830 3041; x_wconf 85' lang='lat'><strong>¹9-</strong></span> <span class='ocrx_word' id='word_1_318' title='bbox 1872 2971 2005 3023; x_wconf 77' lang='lat' dir='ltr'><strong>Hine</strong></span> <span class='ocrx_word' id='word_1_319' title='bbox 2031 2968 2297 3022; x_wconf 72' lang='lat' dir='ltr'><strong>Nomades.</strong></span> <span class='ocrx_word' id='word_1_320' title='bbox 2333 2969 2426 3021; x_wconf 76' lang='lat' dir='ltr'><strong>Ab</strong></span> <span class='ocrx_word' id='word_1_321' title='bbox 2469 2988 2678 3032; x_wconf 67' lang='lat' dir='ltr'><strong>occasu,</strong></span> 
     </span>
     <span class='ocr_line' id='line_1_62' title="bbox 1652 3047 2678 3123; baseline 0.001 -21"><span class='ocrx_word' id='word_1_322' title='bbox 1652 3063 1706 3103; x_wconf 83' lang='lat' dir='ltr'><strong>et</strong></span> <span class='ocrx_word' id='word_1_323' title='bbox 1721 3051 1874 3123; x_wconf 76' lang='lat' dir='ltr'><strong>juxta</strong></span> <span class='ocrx_word' id='word_1_324' title='bbox 1891 3050 2065 3103; x_wconf 73' lang='lat' dir='ltr'><strong>Rham</strong></span> <span class='ocrx_word' id='word_1_325' title='bbox 2079 3047 2426 3119; x_wconf 74' lang='lat' dir='ltr'><strong>siveVolgam</strong></span> <span class='ocrx_word' id='word_1_326' title='bbox 2441 3067 2678 3102; x_wconf 74' lang='lat' dir='ltr'><strong>amnem.</strong></span> 
     </span>
     <span class='ocr_line' id='line_1_63' title="bbox 1650 3127 2679 3201; baseline -0.002 -19"><span class='ocrx_word' id='word_1_327' title='bbox 1650 3127 1860 3190; x_wconf 76' lang='lat' dir='ltr'><strong>Strabo,</strong></span> <span class='ocrx_word' id='word_1_328' title='bbox 1877 3147 1995 3201; x_wconf 73' lang='lat' dir='ltr'><strong>pag.</strong></span> <span class='ocrx_word' id='word_1_329' title='bbox 2025 3127 2151 3199; x_wconf 84' lang='lat'><strong>507.</strong></span> <span class='ocrx_word' id='word_1_330' title='bbox 2177 3128 2339 3192; x_wconf 73' lang='lat' dir='ltr'><strong>Mela,</strong></span> <span class='ocrx_word' id='word_1_331' title='bbox 2362 3127 2466 3180; x_wconf 77' lang='lat' dir='ltr'><strong>lib.</strong></span> <span class='ocrx_word' id='word_1_332' title='bbox 2493 3129 2612 3192; x_wconf 87' lang='lat'>111,</span> <span class='ocrx_word' id='word_1_333' title='bbox 2630 3149 2679 3184; x_wconf 86' lang='lat' dir='ltr'><strong>c.</strong></span> 
     </span>
     <span class='ocr_line' id='line_1_64' title="bbox 1654 3205 2678 3281; baseline 0 -20"><span class='ocrx_word' id='word_1_334' title='bbox 1654 3206 1706 3274; x_wconf 82' lang='lat'><strong>5,</strong></span> <span class='ocrx_word' id='word_1_335' title='bbox 1749 3228 1870 3281; x_wconf 73' lang='lat' dir='ltr'><strong>pag.</strong></span> <span class='ocrx_word' id='word_1_336' title='bbox 1917 3207 1988 3263; x_wconf 82' lang='lat'><strong>53</strong></span> <span class='ocrx_word' id='word_1_337' title='bbox 2029 3227 2046 3262; x_wconf 88' lang='lat'>:</span> <span class='ocrx_word' id='word_1_338' title='bbox 2097 3233 2119 3255; x_wconf 79' lang='grc' dir='ltr'><strong>ι</strong></span> <span class='ocrx_word' id='word_1_339' title='bbox 2151 3205 2238 3260; x_wconf 77' lang='lat' dir='ltr'><strong>Ad</strong></span> <span class='ocrx_word' id='word_1_340' title='bbox 2277 3206 2678 3262; x_wconf 65' lang='lat' dir='ltr'><strong>introeuntium</strong></span> 
     </span>
     <span class='ocr_line' id='line_1_65' title="bbox 1650 3283 2681 3360; baseline 0.001 -20"><span class='ocrx_word' id='word_1_341' title='bbox 1650 3285 1894 3343; x_wconf 78' lang='lat' dir='ltr'><strong>dextram</strong></span> <span class='ocrx_word' id='word_1_342' title='bbox 1919 3287 2128 3360; x_wconf 66' lang='lat' dir='ltr'><strong>Scytha</strong></span> <span class='ocrx_word' id='word_1_343' title='bbox 2153 3283 2430 3340; x_wconf 71' lang='lat' dir='ltr'><strong>Nomades</strong></span> <span class='ocrx_word' id='word_1_344' title='bbox 2453 3288 2580 3342; x_wconf 77' lang='lat' dir='ltr'><strong>freti</strong></span> <span class='ocrx_word' id='word_1_345' title='bbox 2597 3289 2681 3341; x_wconf 85' lang='lat' dir='ltr'><strong>lit·</strong></span> 
     </span>
     <span class='ocr_line' id='line_1_66' title="bbox 1651 3363 2679 3432; baseline -0.002 -10"><span class='ocrx_word' id='word_1_346' title='bbox 1651 3367 1856 3423; x_wconf 78' lang='lat' dir='ltr'><strong>toribus</strong></span> <span class='ocrx_word' id='word_1_347' title='bbox 1869 3366 2121 3422; x_wconf 82' lang='lat' dir='ltr'><strong>insident.</strong></span> <span class='ocrx_word' id='word_1_348' title='bbox 2143 3391 2166 3412; x_wconf 72' lang='grc' dir='ltr'><strong>ο</strong></span> <span class='ocrx_word' id='word_1_349' title='bbox 2190 3363 2472 3420; x_wconf 75' lang='lat' dir='ltr'><strong>Vide-tur</strong></span> <span class='ocrx_word' id='word_1_350' title='bbox 2496 3368 2536 3420; x_wconf 86' lang='lat' dir='ltr'><strong>ii</strong></span> <span class='ocrx_word' id='word_1_351' title='bbox 2553 3385 2679 3432; x_wconf 71' lang='lat' dir='ltr'><strong>ense,</strong></span> 
     </span>
     <span class='ocr_line' id='line_1_67' title="bbox 1651 3445 2678 3518; baseline 0 -18"><span class='ocrx_word' id='word_1_352' title='bbox 1651 3459 1741 3500; x_wconf 75' lang='lat' dir='ltr'><strong>eut</strong></span> <span class='ocrx_word' id='word_1_353' title='bbox 1761 3467 1828 3502; x_wconf 76' lang='lat' dir='ltr'><strong>ex</strong></span> <span class='ocrx_word' id='word_1_354' title='bbox 1857 3448 1923 3501; x_wconf 80' lang='lat' dir='ltr'><strong>iis</strong></span> <span class='ocrx_word' id='word_1_355' title='bbox 1941 3459 2084 3500; x_wconf 88' lang='lat' dir='ltr'><strong>certe</strong></span> <span class='ocrx_word' id='word_1_356' title='bbox 2105 3445 2200 3517; x_wconf 89' lang='lat' dir='ltr'><strong>qui</strong></span> <span class='ocrx_word' id='word_1_357' title='bbox 2226 3445 2414 3498; x_wconf 81' lang='lat' dir='ltr'><strong>Thalli</strong></span> <span class='ocrx_word' id='word_1_358' title='bbox 2433 3448 2678 3518; x_wconf 74' lang='lat' dir='ltr'><strong>superius</strong></span> 
     </span>
     <span class='ocr_line' id='line_1_68' title="bbox 1649 3525 2403 3597; baseline -0.003 -17"><span class='ocrx_word' id='word_1_359' title='bbox 1649 3525 1777 3581; x_wconf 87' lang='lat' dir='ltr'><strong>dicti</strong></span> <span class='ocrx_word' id='word_1_360' title='bbox 1799 3539 1926 3582; x_wconf 80' lang='lat' dir='ltr'><strong>eunt</strong></span> <span class='ocrx_word' id='word_1_361' title='bbox 1943 3565 1960 3594; x_wconf 82' lang='lat'><strong>,</strong></span> <span class='ocrx_word' id='word_1_362' title='bbox 1979 3545 2098 3597; x_wconf 79' lang='lat' dir='ltr'><strong>cap.</strong></span> <span class='ocrx_word' id='word_1_363' title='bbox 2130 3527 2187 3580; x_wconf 86' lang='lat'><strong>6-</strong></span> <span class='ocrx_word' id='word_1_364' title='bbox 2211 3525 2403 3580; x_wconf 73' lang='lat' dir='ltr'><strong>Eun.</strong></span> 
     </span>
    </p>

    <p class='ocr_par' dir='ltr' id='par_1_27' title="bbox 1647 3605 2676 3740">
     <span class='ocr_line' id='line_1_69' title="bbox 1732 3605 2676 3671; baseline -0.002 -11"><span class='ocrx_word' id='word_1_365' title='bbox 1732 3625 1820 3661; x_wconf 85' lang='grc' dir='ltr'><strong>3ο.</strong></span> <span class='ocrx_word' id='word_1_366' title='bbox 1862 3607 2025 3661; x_wconf 72' lang='lat' dir='ltr'><em>Illinc.</em></span> <span class='ocrx_word' id='word_1_367' title='bbox 2074 3605 2160 3658; x_wconf 74' lang='lat' dir='ltr'><strong>Ab</strong></span> <span class='ocrx_word' id='word_1_368' title='bbox 2189 3617 2342 3671; x_wconf 83' lang='lat' dir='ltr'><strong>ortu,</strong></span> <span class='ocrx_word' id='word_1_369' title='bbox 2379 3617 2537 3660; x_wconf 79' lang='lat' dir='ltr'><strong>trans</strong></span> <span class='ocrx_word' id='word_1_370' title='bbox 2573 3605 2676 3658; x_wconf 77' lang='lat' dir='ltr'><strong>fre-</strong></span> 
     </span>
     <span class='ocr_line' id='line_1_70' title="bbox 1647 3688 2002 3740; baseline -0.006 0"><span class='ocrx_word' id='word_1_371' title='bbox 1647 3699 1781 3740; x_wconf 80' lang='lat' dir='ltr'><strong>tum.</strong></span> <span class='ocrx_word' id='word_1_372' title='bbox 1819 3688 2002 3740; x_wconf 74' lang='lat' dir='ltr'><strong>fflnn.</strong></span> 
     </span>
    </p>

    <p class='ocr_par' dir='ltr' id='par_1_28' title="bbox 1644 3762 2678 4151">
     <span class='ocr_line' id='line_1_71' title="bbox 1731 3762 2678 3834; baseline -0.003 -15"><span class='ocrx_word' id='word_1_373' title='bbox 1731 3783 1821 3819; x_wconf 77' lang='lat' dir='ltr'><strong>n.</strong></span> <span class='ocrx_word' id='word_1_374' title='bbox 1861 3766 1948 3820; x_wconf 81' lang='lat' dir='ltr'><strong>Ab</strong></span> <span class='ocrx_word' id='word_1_375' title='bbox 1981 3766 2199 3818; x_wconf 72' lang='lat' dir='ltr'><strong>introitu.</strong></span> <span class='ocrx_word' id='word_1_376' title='bbox 2237 3762 2364 3828; x_wconf 76' lang='lat' dir='ltr'><strong>Qua</strong></span> <span class='ocrx_word' id='word_1_377' title='bbox 2401 3780 2460 3815; x_wconf 72' lang='lat' dir='ltr'><strong>ee</strong></span> <span class='ocrx_word' id='word_1_378' title='bbox 2487 3763 2678 3834; x_wconf 85' lang='lat' dir='ltr'><strong>incipit</strong></span> 
     </span>
     <span class='ocr_line' id='line_1_72' title="bbox 1647 3839 2676 3912; baseline -0.005 -13"><span class='ocrx_word' id='word_1_379' title='bbox 1647 3863 1794 3898; x_wconf 77' lang='lat' dir='ltr'><strong>mare</strong></span> <span class='ocrx_word' id='word_1_380' title='bbox 1833 3843 1892 3898; x_wconf 85' lang='lat' dir='ltr'><strong>in</strong></span> <span class='ocrx_word' id='word_1_381' title='bbox 1939 3841 2280 3899; x_wconf 80' lang='lat' dir='ltr'><strong>latitudinem</strong></span> <span class='ocrx_word' id='word_1_382' title='bbox 2335 3839 2580 3912; x_wconf 76' lang='lat' dir='ltr'><strong>pandere</strong></span> <span class='ocrx_word' id='word_1_383' title='bbox 2617 3843 2676 3894; x_wconf 85' lang='lat' dir='ltr'><strong>in</strong></span> 
     </span>
     <span class='ocr_line' id='line_1_73' title="bbox 1645 3924 2674 3996; baseline -0.002 -20"><span class='ocrx_word' id='word_1_384' title='bbox 1645 3924 1764 3996; x_wconf 74' lang='lat' dir='ltr'><strong>ipso</strong></span> <span class='ocrx_word' id='word_1_385' title='bbox 1789 3924 1913 3980; x_wconf 79' lang='lat' dir='ltr'><strong>freti</strong></span> <span class='ocrx_word' id='word_1_386' title='bbox 1947 3941 2234 3987; x_wconf 85' lang='lat' dir='ltr'><strong>mucrone,</strong></span> <span class='ocrx_word' id='word_1_387' title='bbox 2259 3938 2326 3975; x_wconf 76' lang='lat' dir='ltr'><strong>ac</strong></span> <span class='ocrx_word' id='word_1_388' title='bbox 2353 3933 2674 3992; x_wconf 79' lang='lat' dir='ltr'><strong>promonto—</strong></span> 
     </span>
     <span class='ocr_line' id='line_1_74' title="bbox 1644 4001 2676 4075; baseline -0.006 -17"><span class='ocrx_word' id='word_1_389' title='bbox 1644 4003 1748 4058; x_wconf 85' lang='lat' dir='ltr'><strong>rio.</strong></span> <span class='ocrx_word' id='word_1_390' title='bbox 1780 4003 1906 4058; x_wconf 88' lang='lat' dir='ltr'><strong>Non</strong></span> <span class='ocrx_word' id='word_1_391' title='bbox 1932 4003 2132 4056; x_wconf 82' lang='lat' dir='ltr'><strong>sunthi</strong></span> <span class='ocrx_word' id='word_1_392' title='bbox 2167 4001 2348 4075; x_wconf 45' lang='lat' dir='ltr'><strong>Udini,</strong></span> <span class='ocrx_word' id='word_1_393' title='bbox 2377 4001 2476 4072; x_wconf 81' lang='lat' dir='ltr'><strong>qui</strong></span> <span class='ocrx_word' id='word_1_394' title='bbox 2501 4001 2676 4052; x_wconf 69' lang='lat' dir='ltr'><strong>Viaiisu&#39;</strong></span> 
     </span>
     <span class='ocr_line' id='line_1_75' title="bbox 1647 4079 2670 4151; baseline 0 -15"><span class='ocrx_word' id='word_1_395' title='bbox 1647 4083 1948 4144; x_wconf 78' lang='lat' dir='ltr'><strong>Ammiano.</strong></span> <span class='ocrx_word' id='word_1_396' title='bbox 1971 4083 2068 4138; x_wconf 82' lang='lat' dir='ltr'><strong>lib.</strong></span> <span class='ocrx_word' id='word_1_397' title='bbox 2095 4081 2314 4148; x_wconf 78' lang='lat' dir='ltr'><strong>ml,</strong></span> <span class='ocrx_word' id='word_1_398' title='bbox 2337 4099 2394 4151; x_wconf 83' lang='lat' dir='ltr'><strong>p.</strong></span> <span class='ocrx_word' id='word_1_399' title='bbox 2426 4081 2564 4146; x_wconf 76' lang='lat'><strong>438.</strong></span> <span class='ocrx_word' id='word_1_400' title='bbox 2599 4079 2670 4136; x_wconf 84' lang='lat'><strong>11.</strong></span> 
     </span>
    </p>
   </div>
  </div>
 </body>
</html>
