2950 5017
997 447 1310 519 LIBER
1365 449 1450 520 V.

2136 445 2287 548 573

223 577 684 676 Parthenopolis,
725 578 1180 674 Coryphanta.
1215 584 1385 652 Sunt
1421 583 1493 650 in
1536 605 1656 650 ora
1711 605 1968 669 amnes,
2000 569 2291 668 AEsius⁶‚

225 689 492 780 Bryazon‚
553 685 908 756 Plataneus
929 739 952 774 ‚
1007 691 1256 776 Areus,
1309 687 1649 783 AEsyros⁷‚
1694 688 1998 772 Gendos,
2064 693 2179 784 qui
2222 705 2294 760 et

219 793 668 886 Chrysorrhoas.
714 794 1254 863 Promontorium
1277 847 1298 880 ‚
1359 797 1430 863 in
1475 801 1611 888 quo
1664 780 2037 889 Megarice⁸
2090 797 2289 890 oppi-
2328 837 2359 870 ω

218 898 328 966 dum
365 899 496 968 suit.
529 897 768 967 Unde-⁹
803 899 1226 994 Craspedites
1261 902 1442 970 sinus
1469 900 1859 982 vocabatur,
1879 903 2191 995 quoniam
2221 901 2289 972 id

215 1004 474 1098 oppidum
508 1003 695 1074 velut
733 1004 802 1073 in
851 1004 1088 1075 lacinia
1129 1021 1292 1076 erat.
1335 1007 1489 1076 Fuit
1524 1019 1593 1075 et
1636 1005 2015 1076 Astacum¹⁰
2036 1058 2055 1093 ,
2111 1008 2291 1078 unde

211 1123 348 1178 etex
375 1135 452 1180 eo
477 1108 902 1180 Astacenus¹¹
953 1111 1130 1181 idem
1183 1114 1384 1182 sinus.
1421 1113 1575 1181 Fuit
1610 1125 1679 1180 et
1714 1109 2052 1206 Libyssa¹²
2096 1115 2289 1208 oppi-

211 1214 360 1303 dum,
415 1201 588 1285 ubi¹³
652 1241 834 1286 nunc
897 1216 1288 1288 Hannibalis
1337 1231 1603 1287 tantum
1668 1217 1985 1288 tumulus.
2034 1221 2159 1288 Est
2221 1221 2291 1288 in

207 1322 394 1391 intimo
435 1324 580 1392 sinu
641 1313 1094 1392 Nicomedia¹⁴
1145 1323 1469 1418 Bithyniae
1512 1321 1849 1418 praeclara.
1901 1311 2289 1395 Leucatas¹⁵

207 1429 684 1520 promontorium
707 1480 728 1514 ,
793 1453 930 1559 2⁰⁰
990 1429 1352 1499 includitur
1419 1433 1787 1498 Astacenus
1820 1431 2041 1516 sium,
2082 1453 2125 1498 a
2172 1431 2293 1500 Ni-

209 1534 458 1604 comedia
519 1557 752 1604 mvn
777 1533 794 1558 ¹

199 1751 300 1804 chus
325 1750 378 1804 in
411 1752 650 1816 Theseo,
694 1769 814 1823 pag.
853 1769 944 1806 ιι.
991 1751 1176 1808 Raab.

259 1834 304 1884 6.
327 1833 494 1884 AEsias
506 1843 650 1913 κοτε.
673 1831 844 1891 Αἴσιος
861 1867 880 1895 ,
909 1831 1133 1902 Βρυάζων
1157 1871 1174 1898 ,

197 1912 438 1972 maranae
461 1947 480 1974 ,
523 1919 692 1982 Αρειος
723 1948 740 1974 ,
782 1911 988 1980 Αἶσυρος
1003 1949 1020 1975 ,
1068 1923 1172 1964 etc.

196 1987 434 2058 Bryasonti
461 1991 686 2043 alterum
713 2007 914 2042 nomeu
947 1989 1175 2044 Olaehas

197 2066 373 2122 videtur
385 2068 556 2134 fuisse,
567 2082 631 2122 ut
651 2066 894 2122 dicemus
907 2067 946 2122 l.
969 2070 1176 2135 xxm,

192 2165 286 2218 cap.
309 2151 388 2203 18.
413 2149 597 2202 Heni).

255 2246 300 2296 7.
329 2229 552 2300 AEsyms.
579 2227 757 2280 Dalec.
783 2225 954 2300 Syros,
987 2229 1090 2280 En.

252 2310 302 2362 8.
337 2308 602 2378 Megarice.
635 2306 936 2378 Stephanus
959 2325 974 2359 z
997 2308 1176 2377 Μαγα-

187 2389 287 2454 ριιῖιν
309 2389 562 2456 πολίχνιον,
575 2388 600 2439 8
613 2389 1045 2457 συγκαταλέγεται
1059 2389 1174 2448 ταῖς

186 2469 359 2519 Munius
389 2469 610 2530 κοὶισιν,
641 2463 965 2536 oppidulum
981 2499 1000 2527 ,
1025 2463 1174 2537 quod

185 2542 302 2598 iuter
311 2545 660 2618 Bithynorum
672 2546 832 2598 urbes
843 2558 1174 2599 numeratur.

183 2621 484 2694 Megarenses
493 2637 638 2678 certe
652 2623 794 2676 hanc
805 2641 956 2677 oram
975 2626 1176 2678 tenuis-

179 2720 250 2759 se.
277 2704 408 2758 testis
433 2715 514 2758 est
543 2704 687 2756 Mela
703 2739 722 2764 ,
745 2703 840 2755 lib.
859 2705 887 2756 1
905 2741 922 2769 ,
940 2721 1056 2775 cap.
1085 2724 1178 2774 19,

178 2781 448 2851 etStraho,
469 2785 508 2838 1.
532 2785 666 2843 xn,
694 2802 752 2854 p.
776 2781 910 2836 563.
931 2783 1176 2854 Uterque

174 2862 298 2914 enim
309 2864 536 2920 Astacon
551 2863 722 2934 ipsam
737 2880 766 2914 a
777 2861 1176 2931 Megarensibus

174 2939 418 2996 conditam
439 2941 644 2996 scribit.
674 2941 1048 2994 Promontorio
1073 2961 1176 2994 no·

173 3035 282 3072 men
320 3036 396 3076 est
437 3019 607 3076 hodie
655 3019 796 3091 capo
839 3021 1048 3090 Fugam
1065 3057 1084 3085 ,
1113 3032 1177 3074 ut

167 3099 318 3152 aiunt.
337 3097 520 3154 Hsan.

239 3196 292 3246 9.
323 3180 460 3233 Unde
491 3179 816 3250 Craspedites.
856 3178 1038 3232 Dalec.
1064 3179 1176 3230 inde

167 3255 475 3328 Craspedites.
512 3259 619 3312 En.
637 3291 718 3303 --
737 3257 890 3311 Idem
915 3257 1178 3312 Olbianus

162 3333 304 3390 Heln
325 3339 560 3404 dicitur,
582 3339 680 3392 lib.
721 3339 782 3400 1,
807 3355 925 3408 cap.
967 3355 1036 3405 19
1061 3332 1082 3404 ,’
1107 3338 1176 3391 ab

161 3413 302 3470 Olbia
344 3417 558 3490 oppido
573 3458 590 3482 ‚
637 3416 706 3470 de
735 3435 846 3488 quo
875 3434 1055 3487 supra.
1085 3416 1178 3469 Est

157 3507 324 3548 antem
345 3499 554 3552 Grecis
573 3491 861 3568 κράσπεδον
879 3533 895 3560 ,
908 3493 1056 3567 quod
1081 3495 1180 3548 La·

157 3574 278 3626 riuis
296 3575 518 3630 fimbria
529 3615 545 3642 ,
559 3577 670 3628 sive
689 3575 1176 3630 laciniam-audate

151 3670 276 3704 vero
293 3669 410 3708 tum
431 3656 630 3710 littoris
654 3673 851 3726 margo,
873 3667 988 3707 tum
1012 3655 1178 3708 veluti

153 3731 298 3784 limbi
320 3747 375 3787 et
417 3748 670 3789 extrema
693 3734 960 3787 montium
988 3752 1096 3787 ora
1115 3753 1179 3787 ac

145 3809 350 3866 radices
359 3811 635 3885 κράσπεδα
649 3813 984 3885 appellantur
1001 3831 1015 3865 ε
1029 3811 1176 3884 quod

143 3887 462 3946 lacinias-um
481 3894 776 3948 secessibus
794 3911 854 3946 ac
874 3890 1180 3963 prominen-

147 3967 238 4020 iiis
267 3971 674 4027 similitudinem
699 3973 962 4026 referunt.
995 3969 1174 4022 HAan.

235 4065 316 4102 io.
347 4053 608 4106 Astacum.
639 4045 866 4113 Ᾰστωιὸς
899 4052 1176 4114 Straboni,

897 1559 978 1605 Μ.
1035 1559 1106 1605 D.
1172 1539 1561 1630 Rursusque
1622 1537 2017 1606 coeuntibus
2096 1538 2294 1607 terris

1263 1753 1362 1806 lib.
1385 1753 1530 1818 ΧΠ,
1568 1771 1690 1824 pag.
1720 1751 1865 1820 563,
1910 1773 1939 1808 a
1975 1755 2293 1825 Lysimacho

1263 1830 1458 1886 deleta.
1490 1831 1635 1885 Vide
1666 1833 1983 1887 Pausaniam
2028 1835 2085 1887 in
2122 1835 2295 1890 Eliac.

1259 1911 1430 1982 prior.
1455 1911 1569 1964 aive
1592 1910 1689 1964 lib.
1715 1913 1788 1978 V,
1810 1931 1929 1984 pag.
1962 1915 2087 1967 310.
2109 1912 2291 1968 Hiar».

1347 2008 1434 2044 ιι.
1467 1992 1761 2044 Astacenus.
1786 1993 1857 2044 Le
1882 1993 2021 2062 goffe
2044 1993 2105 2044 de
2127 1993 2292 2048 Comi-

1261 2070 1348 2122 dia
1363 2107 1382 2134 ,
1413 2069 1485 2123 ab
1503 2069 1639 2122 urbe
1661 2071 1711 2125 N
1715 2069 2079 2126 icomediensi.
2104 2069 2288 2126 Hann.

1349 2167 1374 2202 1
1388 2169 1440 2202 a.
1451 2150 1675 2210 [λῷστα.
1695 2148 1993 2221 Stephanus
2010 2170 2023 2204 :
2040 2149 2291 2218 Δίὸυσσα,

1261 2229 1474 2298 φρούριον
1502 2229 1729 2290 Βιθυνίας
1769 2231 2117 2283 ἐπιθαλάσσιον
2134 2265 2154 2292 ‚
2200 2248 2291 2285 ca-

1260 2307 1476 2361 stellum
1504 2307 1851 2360 maritimum.
1868 2309 2027 2364 Nunc
2044 2309 2251 2364 Gebiseli
2266 2349 2284 2373 ,

1259 2399 1322 2440 ut
1333 2385 1478 2440 credi
1492 2387 1657 2457 vulgo
1672 2387 2001 2458 Busbequius
2014 2403 2291 2458 asseverat,

1259 2466 1416 2538 epist.
1451 2485 1474 2519 1
1500 2503 1517 2530 ,
1539 2484 1665 2538 pag.
1691 2466 1789 2520 30.
1818 2464 2001 2521 nino.

1345 2563 1368 2598 1
1381 2545 1432 2598 3.
1455 2545 1555 2598 Ubi
1567 2564 1693 2598 nuno
1704 2544 2017 2599 Hannibalis.
2031 2547 2291 2602 Referunt

1258 2622 1316 2676 id
1335 2642 1555 2696 quoque
1578 2624 1901 2678 Plutarchus
1922 2626 1979 2678 in
2002 2627 2290 2694 Flaminio,

1257 2721 1382 2774 pag.
1413 2703 1558 2767 380;
1589 2703 1971 2775 Appianas,in
1994 2706 2197 2776 Syriac-
2228 2727 2283 2779 p.

1261 2801 1366 2851 923
1394 2781 1745 2841 Ammianus,
1794 2783 1891 2836 lib.
1935 2785 2135 2851 xxn,
2162 2805 2285 2857 pag.

1264 2879 1410 2932 ²193
1439 2861 1765 2934 Eutropius,
1794 2862 1891 2915 lib.
1930 2865 2018 2929 11,
2040 2883 2097 2936 p.
2127 2869 2283 2936 7663

1257 2940 1579 3007 Martianus,
1602 2942 1699 2995 lib.
1724 2942 1833 3006 VI,
1854 2959 1904 2997 c.
1928 2941 1999 2996 de
2023 2945 2285 3028 Phrygia,

1259 3037 1386 3092 pag.
1422 3037 1529 3073 aas
1548 3057 1565 3082 ,
1612 3031 1669 3072 et
1697 3020 1913 3074 Solinus
1938 3059 1955 3084 .‚
1986 3041 2101 3094 cap.
2132 3045 2283 3088 xnt..

1257 3118 1384 3171 pag.
1410 3118 1505 3169 7².
1520 3098 1827 3152 Etiamnum
1848 3119 2119 3171 superesse
2140 3105 2287 3158 hunc

1257 3177 1579 3232 Hannibalis
1634 3169 1903 3232 tumulum
1926 3216 1945 3240 ‚
2008 3182 2155 3236 testis
2207 3196 2288 3237 est

1259 3259 1507 3312 oculatus
1534 3258 1679 3311 Petr.
1708 3257 2005 3324 Bellonius,
2034 3260 2129 3313 lib.
2158 3261 2187 3313 1
2218 3260 2287 3316 de

1260 3335 1474 3391 Admir.
1494 3353 1641 3407 oper.
1666 3336 1836 3408 antiq.
1856 3355 1973 3410 cap.
2003 3338 2093 3392 33.
2116 3337 2183 3390 Η.

1349 3423 1438 3481 14.
1465 3416 1765 3470 Nicomedia.
1800 3413 2145 3488 Νικομήδοια,
2182 3419 2284 3472 ho·

1259 3494 1453 3566 dieque
1498 3495 1723 3548 Comidia
1742 3532 1760 3561 ,
1805 3495 1918 3549 sive
1964 3491 2015 3548 Is
2030 3523 2053 3534 ·
2068 3497 2286 3552 Nikmid.

1260 3575 1446 3629 Hsan.
1475 3587 1529 3628 et
1556 3575 1663 3629 En.

1349 3657 1441 3709 15.
1485 3655 1740 3706 baeatus.
1778 3653 1929 3706 Idem
1954 3653 2245 3710 Ptolemmo
2263 3695 2281 3718 ,

1259 3733 1356 3786 lib.
1384 3734 1457 3801 V,
1483 3751 1599 3804 cap.
1630 3751 1653 3785 1
1676 3773 1693 3798 ,
1730 3725 1963 3804 Ᾱκρίτας.
1992 3731 2173 3785 Ham).
2204 3765 2285 3780 ...-

1263 3812 1424 3866 Nunc
1448 3813 1646 3865 Akrite.
1675 3810 1777 3864 En.

1353 3911 1374 3945 1
1387 3897 1442 3946 6.
1467 3891 1777 3945 XXXVII.
1793 3892 1881 3946 Sic
1896 3889 2201 3946 Harduinns
2219 3913 2285 3946 ex

1267 3971 1420 4025 MSS.
1439 3971 1676 4026 chifflet.
1704 3971 1879 4026 LXII.
1901 3973 2289 4044 Dalecampiua,

1269 4051 1450 4106 XLII.
1477 4049 1583 4104 En.
