2950 5017
683 488 818 597 C.
903 486 1384 597 PLINII
1461 490 2117 597 SECUNDI

324 758 1400 890 NATURALIS
1524 762 2469 889 HISTORIAE

1056 1063 1475 1152 LIBER
1547 1062 1739 1151 III.

323 1440 1404 1565 Pnooeuxuu.—Hactenus
1433 1480 1519 1558 de
1559 1491 1723 1579 situ,
1764 1500 1833 1561 et
1868 1490 2207 1565 miraculis
2236 1510 2469 1589 terrm,
2510 1532 2535 1573 ι

319 1621 779 1694 aquarumque
797 1649 820 1686 ‚
857 1609 927 1666 et
953 1594 1244 1666 siderum
1265 1650 1287 1681 ,
1319 1619 1400 1665 ac
1436 1597 1694 1667 ratione
1720 1597 2167 1671 universitatis
2184 1601 2228 1692 ¹,
2268 1618 2469 1700 atque

319 1729 654 1775 mensura.
719 1705 924 1775 Nunc
991 1701 1078 1771 de
1137 1701 1440 1797 partibus
1490 1728 1509 1772 τ
1562 1726 1947 1799 quanquam
2010 1706 2345 1779 infinitum
2400 1712 2471 1783 id

315 1836 587 1906 quoque
613 1812 1048 1895 existimatur,
1083 1832 1206 1877 nec
1238 1822 1491 1877 temere
1525 1810 1665 1878 sine
1694 1808 1916 1904 aliqua
1952 1812 2469 1904 reprehensione

315 1915 756 2004 tractatum²3
797 1913 979 1985 haud
1018 1912 1156 1985 ullo
1193 1916 1262 1982 in
1297 1939 1540 2009 genere
1568 1916 1766 1985 venia
1800 1916 2081 2009 justiore
2108 1973 2128 2008 ‚
2172 1924 2227 1990 si
2264 1923 2467 1995 modo

317 2026 593 2093 minime
619 2026 866 2093 mirum
899 2034 1002 2091 est
1033 2020 1376 2090 hominem
1413 2022 1711 2115 genitum
1749 2047 1887 2092 non
1922 2026 2147 2095 omnia
2171 2028 2469 2101 humana

314 2133 602 2200 novisse.
631 2130 1064 2223 Quapropter
1091 2140 1435 2197 auctorem
1461 2128 1793 2198 neminem
1816 2153 2027 2199 unum
2050 2156 2325 2227 sequax-3
2350 2137 2467 2207 sed
2504 2172 2533 2209 2

315 2251 397 2306 ut
427 2258 760 2333 quemque
799 2233 1210 2303 verissimum
1234 2234 1304 2301 in
1333 2250 1599 2329 quaque
1626 2246 1816 2329 parte
1846 2236 2256 2309 arbitrabor:
2289 2262 2465 2339 quo-

315 2344 502 2413 niam
537 2366 894 2413 commune
931 2335 1142 2410 ferme
1185 2340 1495 2409 omnibus
1534 2339 1695 2428 fuit,
1731 2356 1808 2410 ut
1849 2366 1964 2413 eos
1999 2346 2277 2445 quisque
2316 2345 2465 2419 dili-

317 2450 700 2545 gentissime
741 2450 904 2519 situs
959 2446 1242 2535 diceret,
1283 2447 1354 2515 in
1394 2445 1637 2540 quibus
1678 2449 1821 2543 ipse
1871 2450 2201 2544 prodebat
2242 2480 2261 2523 ε
2312 2455 2465 2527 ideo

315 2580 446 2626 nec
491 2554 817 2650 culpabo,
859 2566 978 2623 aut
1013 2574 1372 2647 coarguam
1423 2572 1847 2648 quemquam.
1900 2558 2237 2628 Locorum
2284 2562 2465 2633 nuda

315 2664 596 2731 nomina
615 2714 636 2749 ‚
677 2676 748 2731 et
777 2674 1030 2757 quanta
1062 2658 1330 2728 dabitur
1373 2658 1699 2728 brevitate
1747 2676 2119 2757 ponentur,
2164 2660 2463 2739 claritate

316 2752 700 2863 causisque³
727 2766 948 2837 dilatis
975 2766 1044 2833 in
1077 2788 1228 2834 suas
1254 2778 1478 2861 partes
1502 2790 1517 2833 :
1541 2789 1723 2835 nunc
1750 2767 1929 2837 enim
1960 2792 2183 2841 sermo
2210 2770 2295 2841 de
2318 2787 2465 2845 toto

393 2983 442 3023 ι.
476 2965 817 3019 vnis-emmona.
845 2960 1000 3017 Hanc
1025 2980 1206 3016 rerum
1225 2960 1349 3015 uni-

316 3047 624 3104 versitatem
655 3044 852 3117 sapius
891 3040 1080 3097 Cicero
1115 3042 1184 3095 de
1220 3042 1346 3096 Nat.

249 3118 266 3129 ⁶
314 3131 480 3181 Deor.
522 3121 616 3179 lib.
651 3118 704 3186 Ῑ,
753 3123 858 3189 43,
894 3133 949 3175 et
978 3120 1076 3174 lib.
1115 3120 1214 3183 11,
1247 3120 1345 3185 65,

315 3208 485 3263 vau-iis
523 3204 755 3277 explicat
789 3200 995 3265 modis3
1021 3216 1122 3254 nec
1149 3200 1344 3252 Demo·

315 3290 451 3341 crito
477 3286 623 3339 favet
646 3308 674 3330 α
689 3281 921 3337 censenti
934 3318 951 3344 ,
976 3280 1235 3351 imagines
1262 3279 1342 3332 di-

315 3366 538 3419 vinitate
555 3360 804 3435 praeditas
821 3360 991 3413 inesse
1011 3356 1342 3412 universitati

309 3460 530 3508 πει-πως
567 3442 653 3495 vel
689 3440 955 3513 principia
993 3438 1184 3493 mentis
1216 3453 1340 3512 quo

315 3535 441 3576 snm
465 3522 524 3575 in
549 3520 740 3573 eodem
761 3519 1010 3571 universo
1037 3518 1176 3571 Deos
1195 3536 1338 3584 θῶες

313 3602 406 3656 vel
447 3600 686 3672 ingentes
733 3595 996 3670 quasdam
1055 3595 1336 3667 imagines,

311 3692 590 3751 tantasque
633 3687 692 3729 ut
727 3674 1040 3729 universnm
1076 3674 1338 3729 mundum

310 3760 734 3831 complectantur
753 3755 1079 3808 extrinsecus
1090 3778 1114 3801 ι
1128 3792 1142 3806 .
1163 3754 1266 3809 Eu.

385 3859 436 3891 2.
481 3842 588 3890 Nec
618 3849 795 3887 temere
818 3836 928 3886 sine
951 3836 1122 3902 aliqua
1150 3836 1336 3902 repr-ele.

279 3946 286 3949 ·
308 3932 586 3971 tractamus.
605 3914 663 3967 Si
691 3930 816 3967 cum
831 3924 1013 3967 vetere
1041 3912 1186 3986 apud
1209 3912 1334 3966 Dal.

309 3996 493 4051 codice
512 3996 654 4068 legas
675 3998 1016 4057 vacuandum,
1043 4006 1188 4067 patet
1214 4012 1334 4046 sen-

306 4096 400 4132 sns
427 4084 513 4131 τοῦ
537 4091 744 4136 temen,
781 4072 842 4129 id
869 4084 947 4128 est
965 4112 984 4140 ,
1010 4072 1334 4129 inconsulte:

465 4190 568 4257 II.

1437 2962 1531 3036 qui
1552 2982 1663 3017 non
1686 2964 1763 3019 ita
1786 2964 2059 3038 expeditus
2076 2980 2181 3037 est,
2206 2970 2325 3027 siin
2346 2975 2465 3029 vul-

1433 3054 1556 3113 gata
1581 3050 1633 3096 et
1656 3062 1812 3111 vera,
1854 3055 1917 3097 ut
1956 3044 2195 3111 videtur,
2234 3050 2463 3109 lectione

1431 3136 1690 3178 vacunam
1714 3124 2032 3195 acquiescas.
2055 3126 2170 3197 Ego
2188 3129 2458 3205 intellige-

1429 3217 1543 3255 rem
1558 3238 1575 3264 ,
1608 3208 1761 3271 vtdgo
1787 3210 1873 3269 (en
1892 3206 2125 3273 gatar-01)
2142 3246 2157 3269 ,
2178 3212 2299 3277 fet-0
2331 3226 2459 3265 sem..

1425 3300 1533 3347 per.
1556 3281 1646 3335 Sic
1668 3280 1763 3334 lib.
1783 3282 1893 3347 xl,
1922 3292 2017 3347 ’.ιε
2048 3309 2070 3332 ι
2092 3286 2239 3339 Ictus
2266 3304 2454 3344 eorum

1426 3360 1795 3430 (crabronum)
1825 3361 1973 3415 haud
2006 3374 2204 3419 temere
2234 3368 2349 3423 sine
2379 3370 2454 3423 fe·

1425 3438 1512 3493 hri
1534 3452 1635 3505 αις
1656 3465 1683 3485 ι·
1709 3448 1763 3493 et
1782 3440 1931 3505 XVI,
1953 3440 2054 3494 30:
2078 3444 2239 3498 «Non
2254 3456 2455 3503 temere

1425 3517 1482 3570 in
1524 3518 1798 3571 montibus
1838 3518 1963 3571 viso
2010 3532 2135 3573 sunt
2178 3540 2399 3593 prunus.
2414 3553 2438 3576 ι.

1425 3595 1655 3663 Quintil.
1683 3595 1857 3650 Instit.
1883 3596 1979 3650 Or.
2002 3598 2031 3649 1
2046 3637 2063 3664 ,
2093 3599 2151 3661 3,
2177 3602 2207 3669 s
2238 3602 2268 3655 3
2290 3620 2307 3657 ε
2335 3631 2361 3651 «
2379 3606 2453 3660 Π..

1425 3674 1522 3729 lud
1556 3674 1897 3748 ingeniorum
1930 3676 2080 3730 velut
2108 3698 2323 3753 precox
2358 3704 2449 3757 ge.

1426 3772 1559 3821 nus,
1582 3774 1695 3808 non
1716 3763 1915 3809 temere
1939 3770 2177 3830 unquam
2201 3766 2449 3833 pervenit

1427 3834 1498 3889 ad
1550 3834 1786 3905 frugem3
1820 3860 1845 3881 a·
1894 3835 1989 3889 ubi
2026 3838 2253 3908 quidam
2286 3845 2451 3912 facile

1425 3912 1727 3985 intelligunt
1742 3950 1760 3975 ,
1780 3912 1927 3986 quod
1954 3926 2005 3969 et
2028 3916 2085 3969 h.
2108 3916 2141 3969 Ι.
2162 3933 2272 3972 non
2296 3920 2451 3976 abso-

1422 4010 1558 4047 num
1584 3993 1739 4046 foret.
1763 3993 1870 4047 En.

1502 4072 1551 4127 3.
1582 4075 1816 4127 aar-itate
1836 4078 2110 4145 causisque.
2131 4078 2319 4133 Caunis
2338 4079 2455 4157 qui·

2098 4207 2125 4257 1
