2950 5017
1091 481 1422 550 LIBER
1474 475 2408 551 v1.681

288 635 373 682 ιι.
407 635 724 707 passuum
762 610 1074 696 circuitu,
1111 625 1189 679 ut
1229 610 1704 680 Eratosthenes
1739 607 1961 679 tradit.
2002 611 2104 678 Ex
2141 607 2422 678 adverso

285 733 390 788 est
423 716 697 799 Arabia,
719 717 907 810 cujus
929 715 1067 784 x11¹
1077 714 1283 784 ‘milk
1304 740 1618 811 passuum
1646 731 1748 786 est
1769 715 2131 810 longitudo.
2161 718 2422 785 Rursus

287 822 501 893 altero
544 822 835 893 ambitur
873 823 1058 911 sinu,
1100 822 1388 893 Arabico
1428 825 1795 892 nominato.
1849 825 2195 892 Oceanum
2213 819 2260 846 ¹²
2305 823 2422 917 qui

288 929 541 1018 influit,
589 931 909 999 Azanium
964 927 1317 1060 appellant.
1354 931 1712 1000 Persicum
1771 929 2119 998 introitum
2167 951 2216 995 v
2257 925 2417 997 mill.
2456 959 2486 990 2

282 1060 603 1153 passuum
645 1034 1049 1123 latitudinis,
1086 1019 1259 1103 alii¹³
1226 1050 1580 1140 —quatuor
1610 1035 1928 1104 fecerunt.
1958 1033 2062 1102 Ab
2096 1057 2177 1103 eo
2208 1034 2337 1103 ad
2323 1059 2422 1104 ιιι-

281 1143 523 1210 timum
554 1143 770 1210 sinum
801 1155 985 1211 recto
1004 1165 1205 1212 cursu
1227 1165 1301 1210 ιιι
1318 1129 1363 1174 ¹⁴
1384 1165 1522 1211 xxv
1547 1141 1706 1210 mill.
1735 1138 2222 1236 propemodum
2259 1165 2420 1210 con-

284 1262 415 1318 stat
436 1271 613 1334 esse,
641 1245 741 1316 et'
748 1231 986 1317 ⁵situm
1012 1247 1153 1341 ejus
1168 1248 1443 1316 humani
1474 1249 1712 1342 capitis
1742 1246 1982 1341 effigie.
2007 1247 2422 1316 Onesicritus

282 1366 355 1422 et
384 1353 749 1483 Nearchus6
756 1353 839 1422 ab
867 1353 1039 1422 Indo
1062 1377 1257 1422 amne
1274 1355 1343 1423 in
1368 1355 1584 1423 sinum
1612 1355 1987 1437 Persicum,
2017 1367 2216 1456 atque
2243 1350 2424 1422 illinc

282 1443 749 1554 Babylonem&
784 1460 1147 1554 Euphratis
1174 1458 1564 1555 paludibus,
1591 1461 1998 1554 scripserunt
2031 1456 2421 1528 xxv¹⁷1nill.

282 1588 601 1660 passuum
644 1589 805 1635 esse.

388 1675 469 1740 In
504 1671 878 1742 carmaniae
904 1656 1210 1766 angulo¹⁸
1226 1686 1383 1741 sunt
1406 1669 1978 1768 Chelonophagi¹⁹
1984 1723 2002 1760 ,
2018 1667 2424 1740 testudinum
2461 1670 2494 1723 3

278 1867 379 1922 sici
396 1867 547 1922 sinus
560 1867 823 1922 ambitum
840 1867 1316 1937 circumscribunt,

280 1967 405 2019 qun
442 1967 651 2002 summa
684 1960 868 2001 exacte
908 1965 1031 2002 cum
1071 1949 1313 2003 Pliniana

288 2027 582 2104 congruit.
584 2029 769 2082 Ham).

372 2125 397 2160 1
414 2125 463 2160 1.
484 2111 589 2157 ΧΠ
606 2106 729 2160 mill.
751 2105 869 2160 Hoc
890 2119 1002 2174 est,
1027 2104 1314 2161 duodecies

280 2199 507 2240 centana
538 2186 703 2239 millia
732 2205 871 2258 pass.
894 2184 1062 2240 Addit
1090 2187 1312 2252 Strabo,

280 2265 379 2318 lib.
432 2267 490 2318 11
508 2302 526 2324 ,
578 2283 699 2338 pag.
750 2283 847 2318 roo
868 2305 885 2331 ,
928 2266 1311 2338 quinquaginta

279 2361 537 2416 passuum
566 2343 751 2400 millia.
781 2345 962 2400 Hsnn.

370 2441 463 2479 12.
514 2423 760 2478 Oceanum
798 2427 883 2497 qm·
911 2425 1087 2498 iefiuit.
1134 2424 1311 2478 Etiam

282 2503 417 2558 citra
440 2503 607 2576 ipsius
631 2503 779 2557 sinus
797 2505 1084 2576 angustias,
1109 2504 1165 2557 in
1191 2505 1311 2577 ipso

282 2583 429 2636 sinu.
467 2583 553 2636 Ab
592 2583 787 2636 Azania
807 2623 823 2648 ,
862 2603 981 2656 quae
1016 2584 1189 2638 vicina
1232 2595 1313 2637 est

280 2661 569 2734 AEthiopiae
587 2663 733 2734 regio
752 2664 1070 2729 Ptolemae,
1089 2663 1185 2717 lib.
1208 2664 1310 2729 lv,

280 2759 333 2795 c.
364 2745 429 2805 8.
461 2760 665 2795 nomen
688 2743 869 2797 habet.
892 2745 973 2796 De
994 2761 1059 2796 eo
1088 2761 1311 2796 rursum

280 2839 404 2892 cap.
434 2821 530 2885 34.
555 2821 739 2876 Esau.

372 2919 395 2953 1
408 2901 459 2953 3.
483 2901 597 2953 Alia·
624 2913 848 2974 quatuor.
879 2900 971 2954 Ab
998 2919 1107 2956 nno
1131 2901 1313 2955 littore

282 2979 355 3032 ad
380 2979 609 3033 alterum
636 2981 785 3034 littus
816 2980 1023 3034 facilem
1050 2999 1161 3034 esse
1180 2999 1311 3053 pro·

281 3071 525 3132 spectum
545 3059 737 3114 Strabo
756 3059 861 3127 ait,
882 3061 976 3114 lib.
996 3061 1163 3127 xvl,
1188 3059 1309 3132 pag.

286 3137 429 3210 76⁵
457 3137 641 3192 lium.

373 3223 465 3284 14.
486 3208 565 3270 f!
577 3219 767 3272 XXV.
785 3217 1311 3287 Undeciescentena‚

284 3309 343 3352 et
368 3316 471 3352 xxv
494 3299 629 3352 mill.
658 3317 795 3369 pass.
823 3298 1010 3352 Ηιιιιι.

368 3377 458 3432 15.
487 3379 563 3430 Ee
576 3381 721 3430 situm
744 3381 863 3448 ejus.
886 3378 1055 3436 Mela.
1084 3378 1177 3432 lib.
1202 3377 1309 3437 111,

282 3474 405 3529 cap.
433 3457 468 3510 8
484 3493 499 3516 ‚
528 3475 649 3530 pag.
676 3463 783 3512 60:
822 3483 846 3508 ι
872 3458 1113 3512 Persicus
1134 3458 1313 3523 sinus,

282 3553 391 3607 qua
420 3555 567 3591 mare
594 3537 788 3610 accipit
803 3575 822 3603 ,
851 3538 1125 3610 utrimque
1153 3539 1313 3592 rectis

283 3616 545 3669 lateribus
570 3615 769 3687 grande
794 3618 989 3672 ostium
1016 3617 1169 3690 qnasi
1196 3634 1311 3670 cer-

282 3695 403 3747 vice
423 3696 831 3767 complectitur:
861 3694 1057 3750 deinde
1079 3695 1233 3750 terris
1250 3697 1308 3750 iu

282 3791 504 3827 omnem
532 3788 736 3846 partem
763 3788 908 3830 vaste
938 3787 992 3829 et
1018 3794 1165 3848 {equa
1192 3795 1315 3847 por·

282 3851 437 3906 tione
472 3851 817 3921 cedentibus,
845 3873 1043 3928 magno
1072 3855 1309 3908 littorum

282 3931 420 3985 orbe
472 3933 695 4004 pelagus
756 3935 1033 4008 incingens
1054 3970 1073 3996 ‚
1136 3933 1315 3988 reddit

280 4011 513 4065 formam
536 4013 725 4085 capitis
748 4014 985 4068 humani.
1006 4039 1031 4062 a·
1064 4014 1245 4068 uun.

374 4095 467 4146 16.
492 4091 792 4165 Babylonem*
810 4095 1099 4166 Euphratis.
1128 4095 1307 4148 Dalec.

1397 1867 1493 1924 dat
1531 1870 1830 1948 Bab-Limum
1875 1867 1941 1920 ab
1985 1868 2273 1938 Euphratis.
2312 1867 2418 1920 En.

1484 1967 1574 2021 17-
1619 1953 1784 2002 XXV.
1822 1947 1944 2001 mill.
1978 1967 2114 2018 pass.
2151 1947 2331 2000 Viciae
2368 1959 2424 2000 et

1393 2029 1676 2100 quinquies
1703 2040 1928 2083 centena
1956 2028 2120 2082 millia
2149 2045 2418 2098 passuum.

1396 2109 1534 2162 sane
1585 2109 1740 2162 facile
1786 2118 1864 2160 est
1909 2106 2144 2160 rationes
2184 2104 2418 2159 ducere.

1394 2207 1518 2241 nem
1547 2187 1938 2263 Carmaniae—
1873 2203 2002 2251 ora,
2029 2185 2318 2240 Nearcho'
2301 2204 2419 2256 ipso

1392 2279 1643 2333 auctore,
1667 2280 1814 2340 patet
1837 2269 1944 2315 XI!
1975 2265 2036 2318 L.
2072 2265 2311 2318 Persicus
2349 2265 2420 2318 ti-

1392 2364 1500 2400 nus
1519 2361 1667 2400 recto
1689 2365 1881 2409 cursu,
1904 2349 1983 2394 XI
2002 2345 2138 2398 ΧΧ.
2162 2345 2423 2402 Efficiunt

1392 2427 1475 2479 lm
1499 2445 1720 2481 summm
1747 2425 1954 2480 millia·
1932 2443 2042 2496 Jam
2070 2437 2153 2478 ter
2179 2437 2234 2478 et
2259 2424 2418 2478 vicies

1392 2518 1615 2559 centena
1647 2525 1841 2560 mxxv.
1871 2505 2096 2577 Reliqua
2123 2517 2336 2558 centum
2365 2516 2421 2558 et

1392 2603 1463 2638 xv
1477 2585 1646 2638 millia
1659 2625 1676 2652 ,
1692 2599 1809 2640 tum
1831 2584 1898 2638 al>
1913 2584 2102 2638 ultima
2121 2583 2421 2638 Carmania

1392 2683 1490 2718 ora
1529 2665 1596 2718 ad
1643 2665 1842 2720 Indum
1885 2681 2132 2723 amnem,
2181 2677 2292 2718 tum
2351 2663 2419 2716 ab

1391 2744 1682 2816 Euphratis
1724 2745 1862 2799 ostio
1893 2761 2059 2814 usque
2088 2743 2420 2813 Babylonem

1391 2837 1538 2878 recte
1582 2825 1940 2879 insumentum
1990 2823 2209 2878 Frustra
2259 2823 2422 2903 igitur

1393 2901 1578 2956 Chiffl.
1605 2903 1727 2958 cod.
1752 2903 1883 2976 legit
1909 2897 2009 2957 X—pr
2031 2922 2131 2976 pro
2149 2907 2322 2958 XXV.
2348 2901 2417 2954 Η.

1392 3013 1475 3024 --
1495 2983 1768 3038 Broterius
1799 2997 1976 3040 autem
2003 3001 2068 3037 ex
2097 2982 2254 3036 MSS.
2284 2985 2416 3052 Reg-

1400 3081 1425 3116 1
1452 3074 1507 3115 et
1532 3081 1559 3114 2
1580 3102 1597 3130 ,
1617 3076 1671 3117 et
1687 3062 1816 3118 edit.
1841 3065 2107 3137 principe,
2125 3069 2231 3114 XV
2227 3068 2284 3113 11
2298 3063 2416 3114 mill.

1387 3161 1524 3211 pass.
1551 3143 1709 3215 legit3
1742 3162 1861 3215 quse
1885 3145 2102 3216 quidem
2136 3159 2382 3197 mensura
2400 3178 2419 3205 ,

1391 3221 1522 3275 licet
1567 3240 1685 3275 eam
1733 3225 2182 3278 accuratissimam
2235 3220 2416 3283 dicat,

1394 3301 1664 3372 angustior
1685 3321 1810 3356 sane
1837 3317 1932 3358 est.
1964 3305 2070 3358 Eu.

1483 3381 1571 3435 18.
1597 3381 1662 3433 In
1701 3382 1978 3436 Cumania
2017 3383 2218 3454 angulo.
2256 3382 2420 3436 Juxta

1394 3459 1572 3514 sinum
1602 3461 1886 3515 Persicum.
1914 3461 2056 3516 Mela
2073 3501 2088 3527 ,
2115 3461 2219 3514 loc.
2253 3461 2342 3514 cit.
2365 3473 2420 3514 et

1392 3540 1736 3605 Ptolemaeus,
1758 3541 1853 3596 lib.
1879 3543 1988 3608 vl,
2009 3559 2125 3612 cap.
2159 3542 2210 3595 8.
2237 3541 2423 3592 Refert

1392 3618 1507 3673 hoec
1536 3637 1752 3692 quoque
1779 3621 1993 3676 Solinus
2011 3660 2028 3688 ,
2057 3639 2175 3693 cap.
2212 3638 2334 3685 nv,
2365 3639 2419 3691 p.

1396 3699 1492 3753 86.
1519 3699 1705 3753 Hsnu.

1483 3797 1506 3832 1
1519 3797 1573 3848 9.
1619 3779 2000 3851 Chelonophagi.
2035 3777 2380 3849 Χιλωνοφάγοι
2402 3810 2420 3838 ,

1394 3856 1725 3912 testudinum
1739 3876 1899 3912 carue
1906 3857 2424 3920 vescentemxsxoivu,

1398 3938 1602 3991 testudo.
1633 3938 1746 3992 Alii
1773 3951 1967 4010 proter
1999 3939 2126 3992 istos
2150 3938 2422 3991 Chelono-

1393 4016 1560 4088 phagi
1597 4030 1721 4070 sunt
1757 4017 1813 4070 in
1852 4019 2046 4072 Arabia
2069 4055 2086 4082 ,
2123 4017 2190 4072 de
2229 4017 2424 4088 quibus

1397 4097 1624 4164 Strabo,
1667 4097 1760 4150 lib.
1811 4099 1979 4165 XVI,
2015 4117 2134 4170 pag.
2177 4095 2326 4168 773,
2369 4107 2425 4150 et
