2950 5017
1597 454 2146 481 mmm
2159 458 2440 482 mm

390 612 1299 705 PRAEMONITIO
1352 612 1530 741 An
1577 606 2314 703 LECTOREM.
2404 599 2409 603 “
2525 580 2532 587 “

288 898 482 1003 Nou
536 946 646 1013 te,
692 928 909 995 lector
952 927 1245 1017 optime,
1296 926 1518 992 multis
1559 925 1670 991 hic
1724 944 2054 993 moratum
2093 926 2284 1013 volo;
2330 928 2448 995 sed

292 1060 489 1126 quum
520 1034 723 1100 Plinii
750 1050 1045 1123 quatuor
1070 1030 1153 1096 de
1182 1029 1592 1121 Geographia
1621 1030 1822 1097 libros
1853 1031 1922 1097 in
1956 1030 2218 1097 duabus
2247 1033 2446 1118 hujus

292 1142 551 1207 secundi
582 1138 945 1206 voluminis
978 1134 1273 1227 partibus
1296 1138 1381 1202 sis
1412 1136 1760 1202 habiturus
1779 1186 1800 1219 ‚
1831 1138 2178 1227 specialem
2205 1139 2444 1205 laboris

292 1247 413 1311 mei
442 1246 768 1311 rationem
800 1242 925 1308 tibi
958 1240 1236 1307 reddere
1260 1264 1397 1306 non
1430 1241 1593 1307 duxi
1622 1265 2126 1331 supervacuum.

370 1352 606 1417 Tribus
643 1364 1013 1439 quatuorve
1048 1363 1303 1411 tantum
1346 1346 1508 1411 locis
1553 1346 1874 1411 Harduini
1906 1363 2160 1412 textum
2199 1348 2442 1414 immu-

290 1456 555 1521 tandum
589 1454 856 1533 censui,
888 1452 1155 1543 optimis
1186 1450 1524 1517 codicibus
1565 1450 1648 1516 ad
1680 1450 1748 1516 id
1781 1450 2127 1537 inductus3
2161 1456 2444 1520 nonnul·

288 1562 375 1627 las
407 1564 603 1627 etiam
640 1558 1074 1651 typographi,
1122 1580 1271 1647 quae
1317 1556 1736 1623 Harduinum
1786 1558 2126 1649 fugerant,
2173 1560 2442 1626 mendas

286 1669 589 1759 expunxi.
625 1664 833 1751 Quod
860 1680 1080 1731 autem
1110 1662 1193 1729 ad
1215 1662 1764 1729 commentarium
1785 1666 2018 1730 attinet
2043 1664 2226 1730 facile
2248 1666 2439 1731 intel-

286 1774 475 1865 liges,
520 1774 734 1839 lector
762 1771 1270 1852 humanissime,
1316 1794 1516 1859 quam
1554 1770 1764 1835 multa
1798 1769 1866 1835 in
1913 1794 1994 1835 eo
2034 1772 2440 1838 immutanda

284 1883 701 1971 signarentur
734 1878 1045 1968 operibus
1072 1878 1467 1961 innumeris,
1497 1902 1644 1966 quae
1667 1878 1749 1942 ab
1782 1874 2105 1943 Harduini
2135 1896 2320 1945 aetate
2356 1878 2439 1944 ad

286 2004 571 2051 nostram
604 1985 691 2050 de
731 1983 934 2051 veteri
965 1984 1377 2074 Geographia
1410 1985 1480 2047 in
1515 1985 1731 2049 lucem
1764 1984 2013 2073 prolata
2041 2001 2216 2050 sunt.
2253 1988 2440 2051 Hanc

286 2093 479 2183 igitur
505 2109 821 2157 notarum
850 2088 989 2171 ejus
1014 2106 1267 2177 partem
1294 2074 1580 2173 servans,
1601 2090 2085 2179 utplurimum,
2115 2114 2245 2179 qua
2269 2107 2440 2157 vete·

284 2222 427 2262 rum
462 2197 867 2286 scriptorum
893 2194 1282 2261 testimoniis
1310 2194 1506 2260 Plinii
1538 2197 1992 2261 auctoritatem
2015 2196 2436 2283 confirmare,

286 2322 393 2369 aut
436 2327 711 2369 sensum
762 2302 1104 2392 explanare
1156 2302 1426 2385 nititur,
1478 2318 1729 2391 partem
1781 2302 2134 2393 reliquam,
2182 2327 2314 2392 qua
2365 2306 2435 2369 in

286 2410 568 2476 nummis
600 2406 998 2498 explicandis
1032 2408 1216 2473 litera
1248 2432 1511 2497 quaque
1544 2407 1873 2491 abutitur,
1923 2425 2040 2474 aut
2090 2434 2218 2499 qua
2269 2412 2436 2478 male

286 2517 615 2607 prasentia
644 2516 842 2580 refert
872 2516 1170 2579 locorum
1194 2530 1492 2609 veterum
1517 2512 1786 2580 nomina
1807 2564 1825 2598 ‚
1856 2539 2028 2605 saepe
2061 2540 2142 2581 ex
2174 2518 2436 2608 integro

284 2622 693 2690 reficiendam
719 2620 1003 2703 judioevi
1024 2670 1045 2703 ‚
1080 2594 1696 2737 Ρζρᾘὼὲξᾎῢοωῐη
1741 2622 2106 2688 recentium
2143 2624 2436 2717 Geogra·
2543 2680 2553 2687 .

284 2731 565 2819 phorum
600 2752 761 2794 usus
796 2710 1722 2835 auxilio.79}so?nm⁸taeiklem‚
1750 2745 1828 2793 ut
1851 2727 2062 2794 labori
2093 2728 2253 2795 huic
2285 2754 2436 2799 meo

285 2836 449 2901 illam
480 2858 615 2925 qua
648 2832 903 2924 indiget
933 2814 1656 2931 ὃᾱᾷῥξῇἷῖξᾲᾗψεζᾴξῲῐι
1691 2856 1948 2899 recuses
1969 2883 1989 2918 ‚
2027 2836 2296 2901 nomina
2325 2838 2436 2903 hic

284 2940 515 3009 habere
540 2958 608 3007 te
634 2939 808 3025 volo,
835 2932 1163 3029 quidquid
1187 2922 1590 3021 auctiiulails
1615 2962 1766 3004 meo
1794 2938 1982 3023 desit,
2002 2942 2070 3005 in
2099 2942 2190 3006 eis
2209 2942 2438 3007 inven-

282 3062 526 3115 turum.
550 3046 831 3113 Solitum
864 3042 1103 3111 ducem
1122 3012 1195 3133 'fi'
1254 3040 1732 3143 pifflivmnn
1753 3094 1773 3130 ,
1805 3048 2042 3113 veteris
2079 3048 2258 3137 apud
2307 3072 2435 3116 nos

282 3152 737 3242 Geographiae,
776 3167 855 3215 ut
881 3150 1102 3233 aiunt,
1128 3134 1380 3241 patiein
1401 3198 1421 3234 ,
1454 3166 1654 3240 atque
1685 3174 1838 3215 cum
1868 3174 1948 3216 eo
1972 3152 2392 3219 Mannertum
2417 3202 2437 3238 ,

282 3258 462 3338 cujus
492 3258 897 3321 immensum
929 3278 1135 3345 opus,
1172 3256 1277 3321 cui
1309 3255 1539 3321 titulus
1563 3272 1662 3321 est
1688 3254 2086 3346 Geograplu'e
2115 3258 2229 3323 der
2259 3256 2436 3324 Grio-

282 3364 429 3429 chen
488 3363 635 3429 und
678 3360 942 3446 Riimer,
994 3362 1180 3449 quasi
1232 3362 1580 3427 thesaurus
1639 3385 1780 3429 esse
1829 3362 2119 3447 videtur,
2176 3364 2244 3430 in
2275 3389 2432 3455 quo

280 3470 494 3535 omnia
530 3490 681 3557 quae
718 3464 805 3532 ad
838 3465 1171 3555 antiquam
1223 3464 1704 3556 Geographiam
1747 3468 2083 3555 pertinent
2125 3488 2432 3561 congesta

278 3576 542 3641 fortasse
564 3574 789 3665 potius
811 3594 1014 3662 quam
1039 3570 1282 3661 digesta
1317 3595 1455 3637 non
1490 3568 1844 3638 diffitebor.
1867 3572 2237 3640 Multorum
2264 3601 2431 3666 prae-

276 3700 437 3749 terea
469 3678 896 3748 eruditorum
928 3678 1219 3743 virorum
1256 3679 1528 3743 nomina
1565 3695 1916 3745 occurrent
1964 3680 2084 3745 tibi
2123 3682 2188 3745 in
2233 3685 2428 3753 notis.

278 3790 449 3873 Quos
480 3790 685 3869 inter,
718 3785 1068 3850 nominare
1100 3784 1209 3849 hic
1244 3784 1410 3849 mihi
1441 3808 1687 3874 paucos
1719 3785 1936 3868 liceat,
1971 3810 2258 3875 quorum
2290 3813 2428 3856 non

270 3920 451 3986 opera
482 3912 798 3976 tantum,
836 3888 955 3954 sed
986 3889 1175 3954 etiam
1204 3890 1473 3957 consilia
1499 3889 1664 3955 mihi
1696 3912 1830 3955 non
1863 3890 2246 3960 defuerunt:
2272 3896 2432 3961 eele—

262 4003 617 4071 ben-imum
670 3998 1085 4079 Gossnmu,
1129 3996 1315 4078 cujus
1360 3998 1588 4087 peritae
1633 4020 1866 4063 manus
1909 4000 2135 4065 orbem
2153 4047 2172 4082 ,
2223 4018 2302 4065 ut
2343 4002 2430 4066 ita

250 4110 445 4181 dicam
468 4162 489 4199 ,
524 4108 916 4197 antiquum
960 4122 1192 4191 magna
1235 4126 1313 4167 ex
1362 4118 1548 4193 parte
1593 4103 2063 4189 restituerunt3
2099 4105 2430 4172 eruditum
