2950 5017
1050 479 1365 549 LIBER
1414 477 1536 547 v1.

2221 474 2360 574 737

229 610 493 680 tudines
524 633 739 705 nuper
764 613 1241 682 renunciavere
1276 609 1564 705 principi
1593 606 1880 696 Neroni,
1907 605 2149 680 missi²'
2169 609 2256 678 ab
2287 636 2372 680 eo

230 717 471 786 milites
522 717 903 810 praetoriani
959 741 1113 787 cum
1156 716 1427 786 tribuno
1482 713 1566 783 ad
1613 712 2130 810 explorandum,
2197 717 2372 786 inter

232 822 489 916 reliqua
530 820 705 891 bella
744 837 811 892 et
860 821 1311 918 AEthiopicum
1349 822 1704 916 cogitanti.
1760 823 2106 890 Intravere
2147 836 2374 892 autem

232 943 301 996 et
341 953 423 996 eo
472 951 659 996 arma
707 952 985 998 romana
1031 930 1188 998 Divi
1238 928 1520 1022 Augusti
1565 927 1977 1022 temporibus
1994 978 2014 1012 ,
2072 927 2242 997 duce
2293 930 2370 997 Ρ.

230 1019 611 1103 Petronio²³
614 1048 727 1121 ‚et
761 1036 906 1130 ipso
938 1035 1261 1129 equestris
1292 1033 1547 1102 ordinis
1583 1031 1930 1127 praefecto²
1909 1020 1960 1066 ²⁴
1979 1035 2264 1129 AEgypti.
2302 1036 2372 1104 Is
2407 1060 2440 1110 ς

234 1139 483 1233 oppida
534 1164 767 1208 eorum
810 1142 1246 1270 expugnavit,
1288 1165 1487 1268 quae²⁴3
1477 1137 1620 1208 sola
1661 1139 2005 1209 invenerat
2023 1193 2044 1228 ,
2097 1165 2266 1234 quo
2275 1139 2372 1208 di-

232 1269 465 1315 cemus
498 1244 763 1315 ordine.
796 1232 1114 1316 Pselcin²⁵
1120 1229 1487 1333 ,Primin²⁴3
1488 1298 1509 1331 ,
1541 1243 1872 1314 Aboccin'
1877 1245 1901 1284 ⁷
1906 1242 2324 1334 ,Phthurin²
2355 1299 2376 1333 ‚

234 1349 667 1430 Cambusinss⁹
670 1403 691 1438 ,
735 1337 1093 1421 Attevan³⁰
1094 1403 1115 1437 ,
1148 1336 1500 1422 Stadisin³¹
1507 1405 1526 1438 ‚
1573 1350 1688 1419 ubi
1727 1349 1920 1420 Nilus
1955 1352 2378 1482 praecipitans

234 1480 345 1544 se,
388 1456 651 1551 fragore
691 1457 991 1527 auditum
1028 1455 1270 1527 accolis
1302 1455 1542 1527 aufert
1581 1457 1886 1551 Diripuit
1917 1441 2047 1526 et³²
2089 1460 2373 1553 Napata.

324 1653 419 1688 ιι.
458 1629 606 1686 'Missi
643 1633 707 1686 ab
748 1655 805 1686 eo
848 1635 1037 1688 milites.
1083 1636 1269 1688 Refert

238 1714 359 1767 hnc
387 1713 589 1784 pariter
613 1713 716 1766 Dio
734 1752 749 1778 ,
776 1715 873 1768 lib.
903 1715 1118 1780 LXIII,
1144 1733 1266 1786 pag.

240 1811 378 1863 719.
408 1792 551 1846 Alias
588 1809 801 1864 quoque
830 1791 899 1847 ad
944 1793 1053 1846 Nili
1095 1794 1269 1848 sontes

236 1871 621 1943 explorandae,
649 1872 838 1926 missos
860 1891 971 1926 esse
990 1891 1022 1926 a
1054 1873 1270 1926 Nerone

237 1951 579 2004 centuriones
612 1948 780 2018 duos,
819 1952 914 2024 qui
944 1971 976 2004 a
1012 1969 1135 2022 rege
1174 1956 1269 2005 Ε·

236 2031 458 2101 thiopiae
498 2030 741 2084 instructi
782 2030 982 2085 auxilio
1017 2032 1269 2097 suerunt,

236 2122 428 2163 auctor
466 2121 544 2161 est
586 2109 784 2164 Seneca
802 2147 820 2175 ,
852 2109 1041 2165 Natur.
1084 2123 1267 2181 quast.

120 2203 131 2210 ·
240 2189 339 2242 lib.
369 2189 479 2254 vl,
512 2207 628 2260 cap.
665 2189 731 2254 8,
759 2206 879 2260 pag.
910 2209 1040 2260 9⁰7·
1078 2191 1267 2244 Hann.

327 2269 420 2322 23.
461 2268 527 2321 P.
584 2269 829 2322 Petronio.
886 2269 1076 2323 caium
1098 2307 1115 2335 ,
1158 2288 1271 2322 non

240 2347 528 2414 Publium,
558 2349 789 2419 appellat
812 2348 917 2400 Dio
937 2387 953 2414 ,
988 2349 1083 2400 lib.
1113 2349 1270 2414 LIV,-

240 2445 363 2497 pag.
396 2427 427 2479 5
438 2431 507 2481 26
528 2465 547 2493 ,
576 2429 670 2481 ubi
700 2429 839 2481 hane
874 2426 1270 2498 expeditionem

238 2519 537 2576 susceptam
546 2508 707 2560 refert
718 2507 1273 2572 annoU.C.nccxxx11,

240 2585 325 2638 M.
375 2584 601 2640 Claudio
645 2586 903 2640 Marcello
952 2587 1235 2640 AEeernino
1255 2625 1272 2652 ,

240 2665 307 2718 L.
349 2666 578 2718 Aruntio
617 2668 763 2720 Coae.
810 2666 957 2718 Γαῖον
999 2666 1271 2737 Πετρώνιον

240 2745 327 2798 τὸν
356 2748 447 2804 τῆς
475 2746 729 2816 Αἰγύπτου
757 2745 1007 2814 ἄρχοντα,
1032 2745 1229 2799 etc.1·1.

332 2831 425 2888 ²4·
454 2825 697 2894 Praefecto
722 2825 961 2896 AEgypu‘.
984 2826 1037 2877 Is
1059 2825 1268 2897 oppida,

240 2914 347 2956 etc.
374 2902 552 2958 Dalec.
576 2905 811 2975 praeseeto
850 2905 1128 2975 AEgyptiis.
1164 2905 1275 2974 Op-

236 2981 403 3052 pida,
432 2995 533 3036 etc.
574 2981 757 3037 Chim.
795 2985 1047 3054 pra-secto.
1104 2985 1277 3054 [Εὔι-

237 3064 401 3132 peia‘s,
444 3063 625 3133 oppida
653 3066 986 3134 expugnavit,
1036 3082 1145 3136 qua
1168 3063 1277 3116 sola

244 3143 533 3206 invenimus,
565 3153 664 3197 etc.
694 3143 800 3195 En.

333 3221 426 3275 25.
473 3222 683 3276 Pselein.
722 3221 902 3282 Ψιλιιὶς
946 3221 1235 3275 Ptolemoo
1252 3260 1271 3284 ,

244 3299 345 3354 lib.
366 3300 470 3366 IV,
498 3319 549 3354 c.
589 3301 650 3364 5,
678 3319 709 3353 e
743 3300 961 3372 regione
990 3301 1277 3373 Tacompsi

160 3438 167 3444 ‚
250 3379 445 3452 oppidi
475 3379 754 3444 Straboni,
790 3379 886 3432 lib.
928 3380 1129 3446 XVII,
1154 3398 1275 3452 pag.

250 3461 385 3513 820.
410 3461 613 3527 Ψίλκη,
636 3459 732 3512 ubi
764 3457 833 3512 de
868 3459 1002 3513 sacta
1033 3462 1147 3532 ejus
1177 3478 1277 3531 op·

246 3535 365 3606 pidi
391 3557 421 3592 a
453 3539 707 3592 Petronio
736 3529 1127 3610 expugnatione
1150 3557 1278 3610 pro·

244 3616 411 3670 lixior
444 3617 613 3672 oratio
652 3617 967 3672 instituitur.
1001 3619 1067 3671 In
1106 3619 1278 3674 Cone.

248 3689 505 3750 Calched.
528 3698 741 3750 Ioannes
764 3699 931 3769 Epise-
954 3697 1140 3750 Pseecis
1156 3699 1279 3751 sub·

248 3775 472 3847 scripsit.
510 3777 693 3831 nnn.
722 3811 802 3822 --
828 3775 987 3831 Hand
1022 3777 1181 3848 longe
1204 3778 1276 3831 ab

248 3853 457 3926 oppido
494 3856 645 3908 [brim
677 3858 877 3912 stetisse
910 3857 1122 3909 videtur
1154 3873 1275 3909 eru-

248 3933 367 3988 dito
394 3933 515 3988 viro
542 3936 755 3990 Bauli
780 3954 859 3990 nu
896 3936 1133 3989 Bocieu.
1168 3935 1272 3989 En.

336 4015 429 4067 26.
470 4016 679 4069 Primin.
706 4016 881 4088 Πρὶμις
914 4013 1105 4086 μεγάλη
1152 4015 1281 4068 Pto-

252 4091 473 4154 lemae,
504 4094 603 4150 lib.
635 4096 751 4161 lv,
784 4113 903 4166 eep.
950 4113 1017 4165 7,
1064 4095 1120 4148 in
1160 4094 1281 4166 ripa

365 4203 467 4269 11.

1353 1634 1467 1688 Nili
1488 1634 1754 1698 orientali,
1777 1649 1895 1707 post
1915 1635 2140 1689 Pselcin.
2161 1639 2382 1708 Πρῆμνις

1354 1725 1433 1768 eet
1462 1713 1747 1778 Straboni,
1787 1713 1884 1768 lib.
1915 1715 2114 1778 XVII,
2156 1735 2214 1786 p.
2251 1717 2380 1770 820.

1354 1797 1530 1864 Πρῖμαι
1570 1793 1964 1864 Olympiodoro
1986 1833 2004 1858 ,
2030 1791 2191 1865 ·apud
2239 1795 2382 1848 Pho-

1354 1873 1492 1926 tium
1510 1911 1527 1938 ,
1555 1871 1676 1925 cod.
1715 1891 1876 1926 xxxx.
1907 1872 2089 1928 Hann.
2115 1901 2198 1914 -—
2225 1873 2384 1927 Illam

1354 1953 1412 2005 in
1460 1952 1634 2004 insula
1680 1950 1770 2004 Sat·
1788 1991 1804 2016 ,
1837 1964 1932 2004 aut
1976 1952 2158 2006 saltem
2199 1965 2384 2006 contra

1353 2031 1502 2084 illam
1551 2031 1708 2084 sitam
1751 2032 1908 2084 fuisse
1949 2031 2198 2102 opinatur
2239 2030 2407 2086 idem.

1355 2111 1577 2164 numi
1598 2128 1679 2162 nu
1703 2110 1936 2164 Booten.
1965 2111 2071 2163 En.

1439 2208 1535 2261 ²7·
1582 2189 1811 2243 Aboccin.
1871 2181 2114 2262 Ᾰΰουγκὶς
2157 2189 2384 2244 Ptolem.

1354 2269 1477 2323 loco
1527 2267 1684 2322 citato
1699 2308 1715 2335 ,
1761 2271 1830 2322 ab
1873 2269 2192 2323 occidentali
2235 2269 2386 2324 fluvii

1354 2361 1527 2419 parte.
1563 2347 1748 2401 Haut).

1444 2431 1540 2482 28.
1578 2427 1838 2480 Pktlmrin.
1865 2431 2034 2498 Φθοῦρι
2062 2427 2350 2482 Ptolemae
2369 2467 2387 2497 ,

1356 2508 1461 2561 loc.
1491 2507 1582 2562 cit:
1611 2520 1769 2578 atque
1795 2505 1986 2560 eodem
2011 2507 2134 2562 situ.
2160 2507 2345 2562 Hann.
2398 2573 2408 2582 ι

1442 2604 1536 2656 ²9·
1577 2585 1854 2640 Cambusin·
1897 2587 2077 2640 Dalec.
2120 2586 2386 2642 Cartha-siu.

1356 2663 1832 2736 Εο.-Κσ.μ6ὑσου
1849 2669 2058 2738 ταμιεῖα,
2069 2704 2085 2729 ,
2110 2666 2390 2738 Cambysae

1359 2745 1606 2800 orarium
1649 2745 1936 2798 Ptolemoo
1949 2786 1965 2810 ,
2014 2746 2136 2798 loeo
2176 2745 2268 2799 cit.
2307 2747 2390 2799 De

1357 2825 1638 2896 Cambysu
1687 2823 2119 2896 expeditionibus
2165 2825 2391 2878 Meroen
2473 2830 2498 2842 ³

1360 2923 1528 2975 usque
1552 2904 1834 2974 susceptis,
1858 2904 2028 2958 multa
2049 2905 2272 2972 Strabo,
2291 2905 2390 2960 lib.

1361 2983 1558 3050 xvn,
1587 3001 1710 3054 pag.
1741 3001 1873 3053 790·
1900 2982 2084 3038 Huni.

1444 3061 1534 3116 3ο.
1577 3065 1808 3116 Attevan.
1859 3063 1946 3116 Sic
1986 3063 2131 3116 enim
2179 3063 2392 3129 eci-ibo,

1360 3161 1465 3214 pro
1491 3141 1744 3206 Amnon,
1772 3139 1918 3214 quod
1953 3142 2014 3194 in
2041 3143 2222 3197 Dalec.
2259 3143 2391 3214 Iegi-

1362 3235 1469 3276 tur.
1488 3222 1584 3276 Eut
1599 3221 1744 3274 enim
1765 3220 1881 3273 hnc
1897 3221 2168 3276 Ptolemni
2187 3221 2392 3276 aaz-662

1360 3301 1463 3356 100.
1493 3302 1583 3354 cit.
1609 3299 1792 3354 Han.
1815 3312 1869 3352 et
1895 3301 1998 3352 En.

1443 3381 1535 3434 31.
1563 3379 1802 3432 Stadisin.
1829 3379 2049 3434 Τσωιτία
2069 3380 2392 3447 Ptolemoeo,

1362 3460 1469 3514 100.
1492 3461 1585 3514 cit.
1601 3460 1751 3531 juxta
1771 3475 2024 3530 magnum
2039 3472 2363 3514 catarracten
2375 3499 2393 3526 ,

1364 3540 1459 3594 ubi
1494 3539 1651 3594 Nilus
1689 3538 2027 3610 precipitati:
2061 3557 2151 3604 se,
2177 3539 2391 3610 fragore

1364 3617 1606 3673 auditum
1633 3617 1825 3672 accolis
1852 3618 2038 3672 aufert.
2065 3617 2250 3672 Haan.

1448 3697 1539 3751 32.
1575 3699 1651 3751 Et
1673 3697 1897 3767 Napata.
1926 3695 2110 3752 Chiffl.
2135 3709 2184 3749 ee
2207 3698 2390 3752 Neara.

1366 3778 1600 3832 Νάπατα
1633 3777 1917 3830 Ptolemoeo
1931 3817 1949 3842 ,
1975 3777 2081 3831 loc.
2109 3777 2199 3830 cit.
2226 3777 2394 3831 latere

1364 3857 1477 3910 Nili
1504 3855 1768 3911 orientali.
1807 3854 1965 3910 Haud
1998 3857 2158 3926 longe
2191 3873 2224 3908 a
2255 3855 2398 3908 Don-

1363 3935 1548 4007 golah,
1589 3955 1707 4008 quae
1745 3937 1873 3990 urbe
1910 3955 2057 3989 nunc
2097 3935 2155 3988 in
2204 3952 2266 3988 ea
2309 3953 2396 3990 re-

1367 4017 1527 4088 gione
1549 4016 1749 4086 primas
1767 4028 1929 4083 tenet,
1945 4028 2012 4072 ut
2027 4026 2210 4068 noster
2223 4013 2400 4068 existi-

1369 4108 1478 4150 mat
1503 4095 1722 4150 Burni
1745 4113 1826 4150 nu
1853 4095 2092 4150 Booten.
2117 4093 2220 4146 En.

2085 4203 2180 4295 47
