2950 5017
467 996 532 1052 14

565 446 659 517 32

1095 448 1174 513 C..
1233 448 1582 513 PLINII
1636 446 1859 514 NAT.
1920 449 2181 515 IIIST.

561 581 740 649 nutis
771 564 1155 673 passibus⁴¹.
1201 578 1575 647 Incubuere
1606 582 1817 647 maria
1862 567 2039 647 tam⁴
2045 576 2307 674 ²longo
2350 602 2531 667 aev0,
2561 578 2721 651 alibi

561 710 958 823 processere
963 684 1208 769 littora,
1233 700 1487 754 torsere
1506 710 1575 754 se
1600 686 1948 755 fluminum
1971 701 2089 755 aut
2108 711 2460 756 correxere
2488 688 2717 757 flexus.

563 779 932 863 Praeterea⁴
935 778 1266 861 ³aliunde
1303 790 1446 861 aliis
1488 792 1835 861 exordium

1858 779 1909 825 ⁴⁴
1940 818 2270 863 mensurae
2305 809 2441 881 est,
2486 809 2555 863 et
2596 793 2721 863 alia

564 914 856 969 meatus.
879 901 971 967 ita
1017 899 1124 985 fit,
1154 914 1232 968 ut
1259 897 1424 967 nulli
1461 898 1596 967 duo
1632 901 2013 969 concinant.

671 998 798 1094 (11.
819 1004 848 1099 )
875 1008 1136 1075 Baeticae
1164 1005 1512 1101 longitudo
1544 1030 1725 1075 nunc
1761 1030 1800 1075 a
1832 993 2287 1075 Castulonis⁴⁵
2326 1006 2559 1138 oppidi
2588 1007 2722 1077 fine

566 1113 823 1199 Gach‚
878 1135 1008 1183 ch
1048 1137 1128 1182 M.
1171 1127 1238 1181 et
1277 1138 1317 1181 a
1357 1115 1589 1207 Murgi
1638 1114 1971 1181 maritima
2022 1138 2141 1183 ora
2178 1138 2313 1183 xxv
2355 1138 2435 1183 Μ.

2452 1099 2507 1145 ⁴6
2548 1138 2720 1210 paSS.

566 1218 852 1314 amplior
867 1206 918 1259 ⁴⁷
924 1220 1288 1289 ‚Latitudo
1314 1244 1352 1288 a
1373 1221 1727 1289 Carteiana
1762 1245 1882 1289 ora
1914 1244 2196 1289 ccxxxv1
2228 1208 2347 1290 Μ.
2350 1206 2723 1316 ⁸passuum

564 1328 934 1421 Agrippam
973 1326 1284 1421 quidem
1267 1352 1336 1395 ln
1375 1340 1563 1395 tanta
1594 1314 1789 1397 viri⁴⁹
1826 1325 2200 1423 diligentia,
2208 1342 2611 1457 ⁵praeterque
2655 1330 2725 1397 in

563 1434 698 1503 hoc
724 1458 927 1529 opere
955 1458 1150 1519 cura,
1187 1458 1396 1527 quum
1425 1434 1660 1504 orbem
1688 1448 2017 1504 terrarum
2042 1419 2261 1503 orbi⁵⁰
2284 1435 2724 1529 spectandum

569 1656 657 1697 tus
705 1642 850 1716 apud
892 1644 1199 1715 Dalecamp.
1244 1663 1410 1715 compa
1418 1647 1605 1697 ratione

572 1743 818 1776 mensura.
846 1724 952 1777 En.

659 1810 752 1869 41.
779 1804 1031 1857 Passibus.
1053 1805 1334 1869 Incubuere,
1345 1817 1446 1857 etc.
1472 1804 1605 1857 Pro-

575 1886 806 1953 ponebat
854 1884 1035 1937 Dalec.
1081 1884 1320 1955 passibus.
1367 1885 1444 1937 Ee
1491 1884 1605 1936 dum

569 1964 849 2029 incubuere,
875 1977 977 2016 etc.
1011 1964 1117 2015 En.

657 2050 753 2107 43.
794 2045 920 2095 Tam
947 2042 1094 2113 longo
1129 2063 1265 2108 aew,
1305 2043 1456 2108 alibi,
1502 2056 1603 2097 etc.

573 2124 755 2177 Dalec.
799 2137 853 2175 et
891 2122 1008 2176 Elz.
1047 2136 1145 2174 tam
1194 2123 1341 2193 longo
1375 2143 1478 2177 awo
1515 2124 1608 2177 ale·-

573 2202 626 2255 ln·
639 2244 656 2267 ‚
687 2215 797 2257 etc..
818 2204 922 2255 En.

657 2282 754 2346 43.
775 2283 1041 2335 Praeterea.
1063 2282 1186 2334 Non
1206 2283 1272 2335 ab
1295 2282 1485 2335 eodem
1506 2294 1611 2336 tar·

575 2362 752 2427 mine,
778 2364 980 2434 inquit,
1007 2362 1224 2415 initium
1247 2382 1511 2425 mensurae
1528 2376 1607 2417 est

575 2442 852 2507 omnibus,
873 2460 1048 2514 neque
1071 2440 1256 2495 eadem
1278 2442 1364 2495 via
1397 2443 1518 2508 iter,
1536 2442 1607 2497 ad

575 2520 790 2574 eosdem
802 2523 962 2576 etiam
983 2522 1116 2574 fines
1134 2522 1280 2575 illam
1299 2542 1607 2576 mensuram

577 2599 918 2655 ducentibus.
959 2602 1145 2654 Hum.

659 2686 754 2746 44.
775 2682 1049 2735 Exordium
1072 2700 1307 2734 mensuroe
1327 2694 1417 2747 est,
1439 2694 1490 2733 et
1504 2684 1607 2736 alia

577 2774 775 2815 meatus.
831 2762 1066 2833 Legebat
1125 2762 1306 2815 Dalec.
1359 2764 1607 2815 exordium

577 2854 672 2906 est,
695 2860 913 2894 mensura
933 2854 984 2893 et
1001 2842 1104 2893 alia
1131 2854 1327 2893 meatus.
1358 2842 1462 2896 En.

661 2922 754 2984 45.
801 2923 856 2975 A
893 2922 1186 2975 Castulonis.
1232 2924 1279 2973 A
1321 2922 1608 2975 Castulone

577 3001 815 3072 oppido,
839 3002 1044 3074 inquit,
1067 3002 1158 3073 qui
1180 3000 1385 3059 Baeticoe
1401 3001 1524 3054 finis
1546 3020 1607 3055 ac

577 3080 729 3133 limes
751 3100 900 3135 nunc
929 3082 1197 3142 statuitur,
1217 3101 1384 3153 usque
1409 3080 1607 3147 Gades,

575 3180 691 3214 ccx..
720 3180 785 3213 Μ.
813 3159 960 3233 quod
989 3162 1208 3232 paulum
1233 3180 1265 3214 a
1285 3180 1416 3217 vero
1449 3164 1605 3216 aber·

576 3254 673 3294 rat.
703 3242 1044 3295 Castulonem
1068 3242 1273 3295 Baeticae
1302 3242 1466 3295 finem
1502 3256 1606 3295 sta-

575 3334 753 3375 tutum
777 3322 940 3374 fuisse
953 3360 969 3388 ,
988 3335 1171 3374 auctor
1187 3334 1265 3374 est
1285 3318 1442 3375 etiam
1467 3322 1608 3374 Stra·

575 3403 680 3465 bc,
713 3401 807 3453 lib.
845 3402 956 3467 111,
995 3420 1116 3473 pag.
1158 3404 1277 3454 166.
1319 3402 1509 3466 Nunc,
1545 3416 1607 3456 ut

575 3480 837 3547 diximus,
862 3482 1107 3540 Cazlomu
1146 3481 1201 3533 in
1223 3482 1460 3534 confinio
1502 3482 1605 3535 Ca·

574 3562 737 3613 stellae
760 3562 927 3617 Novae
944 3601 960 3629 ‚
983 3574 1036 3615 et
1064 3562 1214 3632 regni
1241 3561 1609 3617 Granatensis.

575 3672 656 3683 —
675 3643 758 3694 Ita
783 3640 934 3695 MSS.
961 3660 1148 3694 omnes
1171 3642 1236 3694 R.
1277 3660 1328 3707 1,
1367 3661 1420 3707 3,
1445 3642 1602 3695 colb.

582 3740 636 3785 1,
664 3740 716 3785 2,
742 3720 922 3775 Chiffl.
955 3720 1132 3774 Pax-m.
1157 3740 1374 3794 quoque
1398 3720 1568 3776 editio
1586 3760 1600 3783 ,

575 3812 631 3853 et
653 3800 950 3853 Martianus
981 3802 1096 3870 ipse
1123 3802 1220 3854 lib.
1245 3802 1358 3867 vl,
1381 3820 1500 3875 cap.
1534 3801 1603 3855 de

577 3880 860 3952 Hispania,
883 3898 1003 3951 pag.
1029 3881 1134 3933 303
1153 3920 1170 3945 ,
1193 3900 1226 3933 a
1246 3900 1355 3953 quo
1379 3882 1605 3935 Hermo-

573 3962 694 4013 laus
749 3961 960 4013 incaute
1015 3960 1276 4013 citerioris
1334 3962 1605 4033 Hispania!

575 4059 878 4093 mensuram
919 4050 1189 4093 mutuatus
1231 4043 1503 4095 transtulit
1545 4043 1603 4095 in

574 4121 913 4185 ulteriorem,
954 4134 1113 4191 atque
1151 4120 1256 4173 hoc
1294 4120 1414 4175 loco
1443 4122 1603 4175 Plinii

1690 1656 1898 1698 textum
1957 1642 2085 1697 inde
2148 1644 2424 1717 corrupit,
2487 1644 2727 1698 scribens

1691 1742 1936 1777 ccccxxx.
1966 1742 2031 1777 Μ.
2074 1724 2142 1776 Η.
2162 1757 2245 1767 -
2273 1725 2507 1795 Legebat
2540 1726 2724 1778 Dalec.

1692 1824 1726 1855 a
1763 1804 2045 1857 Castulonis
2084 1805 2253 1875 oppidi
2280 1804 2470 1875 finibus
2506 1804 2579 1857 ad
2614 1804 2728 1858 Ga-

1692 1884 1795 1937 des.
1822 1885 1925 1937 En.

1780 1968 1867 2027 46.
1891 1964 2075 2015 XXV
2082 1963 2157 2016 M.
2174 1964 2300 2017 Haec
2312 1954 2515 2017 lectio'e
2539 1962 2727 2019 Chiffl.

1694 2042 1975 2115 desumpta
2016 2062 2125 2096 non
2163 2064 2291 2097 cum
2319 2044 2500 2097 Dalec.
2528 2056 2583 2097 et
2608 2045 2725 2097 Elz.

1693 2135 1979 2189 consonat,
2028 2124 2086 2176 in
2134 2125 2334 2197 quibus
2377 2142 2529 2188 xxn,
2576 2124 2727 2197 quod

1694 2222 1792 2275 ego
1846 2203 2091 2269 mallem3
2137 2223 2263 2257 nam
2304 2203 2397 2257 vix
2437 2222 2605 2257 ceux
2644 2204 2727 2259 M.

1692 2302 1833 2354 pass.
1882 2296 1960 2336 est
2007 2282 2182 2337 Gades
2223 2284 2361 2336 inter
2405 2296 2459 2337 et
2500 2282 2727 2337 fluvium

1692 2364 2025 2429 Almanzora,
2056 2382 2219 2435 quem
2255 2362 2463 2417 Baeticae
2494 2363 2731 2417 limitem

1692 2442 1853 2496 fuisse
1892 2443 2235 2507 arbitramur,
2272 2446 2423 2516 juxta
2458 2444 2728 2515 Mujacar,

1692 2522 2050 2576 intervallum.
2075 2524 2181 2576 En.

1778 2610 1873 2674 47.
1914 2603 2162 2675 Amplior.
2185 2604 2313 2657 Vct.
2356 2600 2501 2675 apud
2543 2603 2729 2658 03133.

1692 2685 1912 2755 amplius.
1940 2684 2043 2736 En.

1776 2766 1869 2827 48.
1894 2764 2257 2817 CCXXXVJ
2279 2763 2355 2817 Μ.
2380 2783 2513 2835 pass.
2541 2764 2730 2819 Dalec.

1693 2858 1746 2897 et
1764 2845 1876 2896 Elz.
1896 2862 2103 2897 ccxxn'.
2126 2844 2309 2897 Chiffl.
2329 2862 2562 2897 ccxxvu.
2584 2844 2734 2897 Mar-

1692 2924 1867 2976 tianus
1884 2924 1978 2976 lib.
2002 2926 2103 2991 VI,
2124 2943 2243 2995 cap.
2272 2922 2341 2976 de
2364 2924 2583 2995 Hispan.
2600 2943 2733 2997 pag.

1699 3002 1828 3069 303,
1851 3022 2062 3058 ccxnv.
2094 3004 2219 3057 Haec
2243 3004 2422 3056 omnia
2448 3022 2576 3055 vero
2602 3022 2737 3074 pro·

1692 3084 1839 3135 xima
1865 3098 2022 3149 sunt;
2046 3102 2239 3137 ccxxxv
2261 3084 2405 3135 euim
2428 3100 2494 3136 Μ.
2522 3102 2659 3154 pass.
2696 3102 2731 3138 a

1692 3164 2067 3234 promontorio
2086 3166 2253 3216 Puma
2274 3162 2335 3214 de
2360 3164 2558 3235 Europa
2580 3162 2731 3217 dicto

1692 3242 1761 3296 ad
1797 3244 2027 3297 maxime
2068 3244 2551 3315 septemtrionalem
2595 3244 2732 3297 Anae

1692 3321 1930 3376 fluminis
1959 3322 2155 3376 flexum
2171 3362 2187 3388 ‚
2210 3324 2305 3377 ubi
2334 3324 2511 3377 rivum
2536 3325 2729 3377 Esteno

1690 3403 1916 3474 recipit,
1943 3418 2295 3457 numerantur
2323 3404 2381 3456 in
2406 3402 2733 3476 quibusdam

1693 3483 1931 3555 mappis,
1959 3502 2183 3555 ccxxxvt
2204 3484 2261 3536 in
2284 3483 2419 3537 aliis.
2444 3486 2547 3537 Er).

1776 3568 1865 3632 49.
1923 3564 2053 3616 Viri.
2094 3564 2365 3617 Maluisset
2408 3564 2589 3618 Dalec.
2645 3570 2731 3617 vi·

1694 3646 1833 3695 rimu.
1862 3644 1965 3697 En.

1778 3726 1863 3777 50.
1918 3724 2049 3777 01·ὂὶ
2086 3724 2413 3795 spectandum.
2466 3724 2597 3780 Orbi
2645 3742 2733 3776 re-

1692 3804 1993 3873 posuimus,
2019 3803 2297 3857 admonitu
2322 3802 2571 3856 codicum
2591 3803 2732 3874 Reg.

1701 3900 1751 3947 1,
1792 3903 1851 3949 3,
1889 3883 2047 3937 colb.
2084 3902 2105 3935 1
2128 3923 2142 3947 ,
2183 3895 2309 3950 2,et
2349 3883 2513 3936 Paris.
2555 3902 2732 3955 quum

1691 3963 1845 4034 prius
1878 3964 1989 4016 urbi
2021 3965 2285 4033 legeretur
2327 3964 2384 4015 iu
2427 3962 2578 4016 libris
2618 3962 2732 4015 im·

1692 4043 1885 4113 pressis
1928 4062 1942 4096 τ
1982 4044 2143 4107 orbi,
2187 4044 2407 4114 inquam
2431 4082 2448 4108 ,
2491 4042 2597 4097 hoc
2649 4055 2734 4096 est

1695 4123 1958 4177 universis
2006 4138 2269 4177 terrarum
2322 4124 2569 4195 gentibus
2616 4124 2733 4176 Ro-
