2950 5017
987 455 1326 535 'LIBER
1381 467 1512 533 IV.

2182 461 2321 548 341

245 586 326 678 (si
357 585 700 686 credimus)
755 621 930 690 quos
975 595 1443 692 Hyperboreos
1466 582 1516 620 ⁸³
1570 591 2023 689 appellavere,
2080 619 2337 664 annoso

243 699 392 795 degit
431 726 595 786 aevo,
649 701 974 771 fabulosis
1023 702 1357 771 celebrata
1403 699 1755 770 miraculis.
1812 700 1916 768 Ibi
1968 700 2335 769 creduntur

244 807 639 877 essecardines
657 809 928 892 mundi,
943 809 1220 878 extremi
1285 833 1352 876 ie
1369 806 1658 876 siderum
1680 806 1967 875 ambitus
1982 857 2003 888 ,
2030 810 2333 876 semestri

246 908 390 1016 luce,
423 928 486 981 et
519 937 648 982 una
678 913 790 982 die
823 913 982 984 solis
1012 915 1228 983 aversi

309 1137 384 1190 83.
407 1137 730 1209 Hyperboreos
753 1139 1080 1210 appellavere.
1097 1138 1216 1211 Hy-

247 1215 570 1283 puberem-um
619 1237 824 1271 nomen
883 1218 1217 1290 gloriamque

245 1296 506 1349 exsuscitare
515 1309 688 1368 nuper
702 1298 874 1350 voluit
884 1298 967 1351 cl.
982 1299 1218 1363 Bnmr,

242 1371 530 1447 hudavitque
570 1390 784 1446 gentem
825 1377 1174 1430 cultissima-m
1201 1415 1218 1442 ‚

244 1453 394 1506 artium
407 1453 871 1527 doctrinarumque
891 1457 1216 1527 magistram,

243 1547 337 1600 quo
356 1552 382 1585 a
403 1533 558 1604 gradu
583 1543 652 1606 49
672 1533 974 1589 latitudinis
997 1535 1064 1588 sd
1091 1555 1216 1606 gra-

239 1607 342 1662 dum
365 1631 430 1680 7⁰
455 1628 760 1687 exporrecta
793 1615 915 1668 fuit.
957 1614 1217 1669 Credide-

235 1690 318 1742 τί·
337 1690 463 1744 aliud
487 1693 812 1764 antiquitatis
838 1694 1046 1747 latitare
1071 1695 1127 1747 in
1152 1696 1216 1748 iis

236 1765 546 1840 Hyperboreis
559 1814 578 1838 ,
607 1774 694 1826 vel
719 1773 958 1826 fabulose
982 1793 1011 1826 s
1039 1774 1215 1827 Plinio

235 1853 490 1904 montis
503 1891 519 1916 ,
543 1851 850 1924 indiciaque
877 1871 990 1906 esse
1016 1854 1213 1907 veteris

232 1925 358 1981 fimae
395 1943 444 1982 et
483 1932 962 2004 antiquissimarum
995 1935 1213 2005 naviga-

231 2006 404 2062 tionum
417 2047 434 2074 ,
468 2011 675 2082 qualem
717 2029 998 2082 suscepere
1029 2013 1212 2066 Batavi

231 2102 344 2139 anno
367 2090 518 2158 1596.
533 2088 639 2144 Sed
658 2109 720 2143 ea
734 2092 899 2144 fusius
918 2091 1009 2145 hic
1029 2110 1212 2164 perse-

230 2165 306 2234 qui
322 2185 416 2222 nou
435 2169 576 2222 licet.
593 2171 766 2224 Bam.

295 2248 372 2310 84.
397 2247 521 2300 Solis
549 2252 722 2303 amsi.
771 2248 1006 2320 Rhodig.
1039 2251 1177 2302 XVI
1195 2287 1212 2315 ,

230 2338 322 2394 esp.
349 2345 409 2379 υ
453 2345 468 2380 2
512 2354 535 2376 ι
567 2329 642 2381 Et
673 2347 782 2381 uns
807 2327 899 2382 die
935 2330 1007 2382 ab
1044 2329 1211 2401 aequi-

227 2406 374 2458 metio
396 2425 555 2461 verno
596 2408 655 2460 in
697 2421 1018 2462 autumnum
1051 2429 1064 2459 =
1093 2427 1212 2462 non

227 2495 277 2534 ut
297 2483 504 2556 imperiti
550 2487 764 2552 dixere,
803 2488 928 2540 solis
963 2489 1150 2542 eversi.
1178 2514 1202 2535 ι·

227 2561 346 2615 vide
368 2565 494 2632 Eud,
528 2585 552 2620 1
572 2606 590 2629 ‚
617 2565 686 2620 de
713 2569 829 2619 Ass.
857 2567 976 2620 aliis
1013 2585 1028 2619 :
1060 2590 1084 2612 ι
1115 2568 1210 2622 Se-

225 2655 384 2697 mestre
403 2645 518 2698 luce
543 2659 598 2699 et
625 2665 731 2698 uns
754 2658 944 2709 nocte,
968 2665 1082 2699 non
1113 2661 1173 2700 ut
1191 2685 1210 2712 ,

225 2732 308 2772 ete.
326 2749 346 2768 ι
367 2725 654 2778 Dsm.—
677 2725 927 2779 semestri
949 2725 1038 2778 illa
1059 2726 1180 2779 luce
1195 2767 1210 2792 ,

224 2797 395 2870 iuquit,
439 2804 530 2856 ina
557 2792 1212 2859 tantummodo'continua

226 2882 886 2957 mmtimitur‚efficiturque
903 2883 1020 2938 dies
1035 2904 1050 2936 ε
1073 2885 1212 2951 sole,

227 2953 333 3010 dum
351 2962 568 3027 occidit,
599 2983 698 3035 per
723 2967 972 3035 exiguum
999 2976 1210 3035 tempo-

227 3035 286 3088 ris
311 3043 520 3110 spatium
575 3061 792 3104 everso,
835 3043 950 3096 sive
983 3043 1163 3098 obdito
1193 3062 1208 3096 :

227 3115 338 3170 nihil
359 3133 414 3172 ut
436 3123 768 3175 tenebrarum
795 3123 938 3175 inter
961 3141 1210 3176 occasum

229 3210 530 3272 exortumque
557 3203 684 3255 solis
706 3201 846 3254 senis
874 3201 980 3255 illis
1012 3204 1208 3256 mensi-

227 3271 308 3326 bus
353 3278 646 3334 intercedat.
700 3283 959 3334 Aversum
1007 3282 1208 3353 pariter

229 3368 312 3406 m
342 3356 446 3411 luce
467 3360 632 3412 solem
667 3360 882 3413 Solinus
911 3360 1079 3426 dixit,
1100 3363 1205 3415 loe.

228 3431 360 3486 citato
374 3453 492 3492 :nec
507 3439 649 3492 visus
657 3452 835 3494 tamen
858 3439 992 3511 quid
1007 3439 1210 3496 diceret

229 3509 522 3570 intellexisse.
553 3519 742 3572 Hann.

295 3593 374 3646 85.
397 3596 506 3648 Non
531 3609 588 3648 ut
609 3601 831 3668 inmeriti.
858 3599 1063 3652 Tamen
1087 3617 1204 3654 cer·

229 3666 392 3726 tissima
403 3675 616 3744 sphaera
639 3678 960 3748 probatione
972 3693 1176 3732 constet
1183 3718 1200 3742 ,

229 3763 316 3800 non
337 3754 543 3809 solstitio
575 3757 688 3809 illic
725 3758 862 3810 soles
886 3758 1051 3823 oriri,
1076 3759 1204 3812 bru-

189 3859 196 3865 ·
229 3836 548 3899 maquesemel
562 3834 834 3889 occidere:
853 3835 942 3888 sed
963 3839 1029 3890 ab
1051 3841 1208 3910 aequi-

229 3909 376 3961 noetio
395 3931 554 3966 verno
579 3913 650 3967 sd
682 3915 986 3968 autumnale
1002 3956 1018 3981 ,
1044 3935 1210 3972 seme-

231 3995 360 4040 strem
377 3990 512 4044 illam
537 3993 714 4047 lucem
728 4033 744 4056 ,
779 3995 961 4065 utique
979 3997 1022 4048 si
1041 4013 1207 4051 seme-

229 4065 402 4122 sstitest
413 4109 428 4136 ,
441 4069 635 4128 adesse.
653 4073 974 4130 peritissime
991 4089 1132 4136 certe
1140 4077 1208 4132 de

1323 937 1338 980 ε
1370 938 1546 1002 non,
1576 927 1654 982 ut
1690 897 2039 1007 imperiti⁸⁵
2076 911 2336 999 dixere,

1303 1137 1366 1190 iis
1385 1137 1635 1208 gentibus
1648 1135 1818 1200 Mela,
1848 1137 1941 1190 lib.
1967 1137 2083 1201 111,
2112 1157 2229 1210 cop.
2262 1141 2291 1194 5
2316 1180 2334 1206 ‚

1304 1235 1422 1289 psg.
1457 1217 1529 1271 53
1562 1236 1576 1270 ε
1613 1243 1637 1266 ιι
1663 1218 1729 1269 In
1754 1217 1985 1270 Asiatico
2006 1216 2185 1271 littore
2204 1257 2224 1284 ,
2249 1219 2336 1272 iu·

1302 1299 1422 1368 quit
1439 1335 1455 1363 ,
1480 1297 1817 1369 Hyperborei
1834 1314 1999 1367 super
2013 1297 2333 1367 Aquilonem

1302 1377 1663 1448 Riphaeosque
1696 1389 1904 1428 montes
1927 1416 1945 1439 ,
1990 1375 2089 1428 sub
2118 1378 2233 1448 ipso
2262 1378 2333 1428 si-

1303 1453 1493 1508 derum
1523 1453 1741 1509 cardine
1758 1457 1961 1526 jacent,
1986 1455 2081 1507 ubi
2112 1456 2193 1508 sol
2219 1475 2331 1510 non

1303 1534 1551 1606 quotidie
1602 1547 1661 1588 ut
1716 1534 1903 1596 nobis,
1952 1530 2047 1587 sed
2092 1536 2331 1604 primum

1301 1633 1470 1668 verno
1518 1613 1842 1686 aequinoctio
1888 1624 2132 1677 exortus,
2174 1628 2330 1668 autu-

1301 1693 1466 1747 mnali
1498 1692 1717 1746 demum
1742 1690 1977 1746 occidit:
2007 1704 2058 1744 et
2085 1691 2206 1745 ideo
2240 1713 2329 1748 sex

1299 1773 1573 1825 mensibus
1592 1771 1646 1825 di
1653 1792 1707 1826 es
1722 1814 1739 1838 ,
1770 1785 1823 1825 et
1844 1770 2063 1824 totidem
2082 1773 2198 1825 eliis
2223 1792 2329 1826 nox

1301 1870 1470 1923 usqne
1496 1854 1751 1906 continua
1774 1865 1868 1905 est.
1894 1852 1943 1904 Τ
1944 1869 2064 1904 erre
2080 1865 2295 1922 angusta
2308 1893 2335 1918 ‚.

1299 1932 1509 2002 aprica,
1538 1951 1637 2004 per
1660 1951 1715 1984 se
1742 1931 1959 1996 fertilis,
1986 1943 2085 1983 etc.
2119 1957 2141 1978 ι
2165 1932 2242 1986 Ut
2265 1951 2327 1986 en

1299 2029 1408 2064 esse
1434 2030 1557 2064 vera
1586 2011 1881 2064 existimem
1898 2049 1915 2074 ‚
1944 2027 2067 2081 qum
2093 2011 2150 2063 in
2182 2011 2329 2066 hunc

1297 2090 1476 2142 locum
1500 2103 1623 2144 sunt
1654 2110 1684 2143 a
1706 2109 1795 2144 me
1820 2090 2027 2161 prolata
2045 2127 2061 2152 ‚
2090 2090 2147 2141 in
2180 2091 2327 2160 prio-

1295 2168 1446 2223 ribus
1469 2171 1641 2236 notis,
1658 2169 1891 2224 alienum
1914 2181 2090 2222 tamen
2109 2187 2139 2220 a
2164 2169 2327 2224 Plinii

1297 2249 1513 2318 ingenio
1552 2267 1613 2303 sc
1652 2248 1909 2302 modestis
1950 2247 2165 2301 videtur
2194 2287 2213 2315 ,
2268 2264 2329 2304 ut

1295 2327 1605 2398 imperitum
1626 2329 1936 2402 appellasset
1960 2328 2327 2399 Pomponium

1295 2407 1495 2460 Melam
1510 2447 1525 2474 ‚
1548 2409 1728 2461 virum
1754 2407 1929 2462 omnis
1956 2407 2229 2477 elegantia
2252 2421 2329 2463 st-

1297 2504 1406 2558 que
1423 2485 1766 2550 eruditionis,
1791 2487 1877 2540 vel
1900 2487 2001 2540 hac
2024 2487 2253 2540 maxime
2266 2488 2342 2540 in.

1297 2566 1865 2638 parte,plenissimum
1888 2583 1903 2618 z
1925 2565 2019 2638 qui
2048 2567 2115 2618 ab
2144 2585 2209 2619 eo
2234 2567 2325 2621 vix

1297 2658 1410 2699 toto
1450 2645 1521 2700 de
1558 2645 1927 2718 geographicis
1964 2645 2126 2698 rebus
2160 2663 2326 2717 opere

1295 2724 1468 2778 latum
1526 2743 1761 2796 unguem
1824 2723 2053 2778 discedit
2100 2747 2116 2778 z
2162 2742 2323 2796 quem

1296 2802 1529 2876 denique
1548 2805 1653 2858 hoc
1666 2804 1784 2875 ipso
1812 2805 1867 2856 in
1888 2805 2009 2856 loco
2028 2805 2190 2875 vulgo
2212 2823 2327 2857 cre-

1296 2881 1443 2936 ditur
1488 2884 1889 2955 transcripsisse.
1954 2884 2121 2936 Venit
2159 2883 2326 2954 igitur

1294 2962 1585 3035 aliquando
1615 2964 1671 3017 iu
1716 2975 1951 3016 mentem
1970 3001 1987 3026 ,
2028 2962 2133 3016 levi
2163 2965 2323 3035 treje-

1294 3042 1474 3110 ctione
1504 3043 1707 3096 voculae
1732 3042 1931 3095 molliri
1954 3079 1971 3106 ‚
2010 3060 2105 3094 seu
2134 3043 2327 3114 refingi

1296 3141 1412 3175 eam
1455 3119 1740 3175 commode
1773 3121 2085 3174 seutentiam
2120 3139 2275 3192 posse
2306 3143 2325 3178 a

1305 3229 1328 3251 ι
1363 3213 1424 3254 ut
1453 3221 1569 3255 non
1602 3201 1843 3272 imperiti
1871 3199 2071 3254 dixere.
2109 3227 2130 3248 ι
2164 3201 2324 3254 Mox-

1295 3299 1402 3353 que
1423 3281 1709 3334 verborum
1730 3280 2063 3352 sequentium
2079 3318 2096 3343 ‚
2116 3305 2139 3327 ιι
2160 3281 2325 3333 semel

1294 3361 1352 3413 in
1381 3379 1523 3414 anno
1550 3360 1774 3413 solstitio
1798 3359 2046 3412 oriuntur
2070 3358 2135 3411 iis
2155 3361 2291 3412 soles
2308 3397 2325 3420 ,

1293 3441 1596 3511 hrumaque
1640 3439 1803 3492 semel
1850 3437 2133 3502 occidunt,
2170 3464 2192 3485 a·
2234 3438 2324 3491 hio

1295 3519 1400 3572 erit
1419 3519 1715 3572 intellectus
1730 3560 1747 3582 ,
1764 3519 1925 3570 semel
1948 3517 2004 3570 in
2025 3535 2167 3571 anno
2190 3516 2323 3570 oriri

1293 3598 1360 3651 iis
1397 3597 1559 3661 soles,
1584 3611 1747 3670 atque
1772 3596 1833 3650 id
1877 3596 1982 3650 illis
2010 3613 2123 3649 esse
2150 3597 2324 3652 solsti-

1293 3677 1460 3740 tium,
1492 3679 1603 3730 sole
1640 3678 1709 3729 ab
1749 3695 1940 3730 eorum
1972 3675 2141 3728 oculis
2180 3693 2326 3728 nun·

1295 3775 1454 3828 quam
1477 3755 1796 3811 abscedente
1821 3777 1834 3807 ε
1864 3755 2027 3808 semel
2052 3753 2323 3818 occidere,

1294 3855 1519 3909 eamque
1542 3837 1793 3890 brumum
1822 3853 1935 3888 esse
1965 3835 2057 3896 iis,
2094 3834 2205 3886 sole
2230 3836 2326 3888 ab·

1295 3915 1426 3970 dito.
1475 3917 1590 3969 Nec
1623 3917 1941 3984 conjecturis
1992 3926 2169 3968 tamen
2214 3915 2331 3984 ipse

1297 4015 1428 4052 men
1468 3997 1591 4066 plus
1617 4013 1775 4064 quam
1818 4013 1915 4065 par
1966 4005 2079 4056 est,
2128 3993 2279 4046 faveo
2310 4011 2325 4048 ε

1296 4076 1400 4130 nisi
1425 4077 1527 4130 viri
1546 4073 1745 4130 eruditi
1769 4075 1996 4132 faveant.
2022 4071 2205 4131 Hssn.

1873 4165 2009 4252 223
