2950 5017
309 1735 348 1768 0

581 455 722 550 ⁵748
1115 461 1194 528 c,
1246 461 1581 530 PLlNll
1630 455 1843 529 ΝΑΤ.
1892 462 2155 529 msT.

581 591 802 659 Cerne
815 575 840 620 ⁴

869 589 1257 660 nominatur
1285 589 1499 660 insula
1527 590 1803 660 adversa
1821 576 1844 615 ⁵
1878 591 2231 685 AEthiopiae
2250 642 2267 676 ‚
2292 591 2485 685 cujus
2508 617 2713 687 neque

577 696 969 790 magnitudo
987 749 1007 784 ‚
1027 721 1242 792 neque
1257 695 1679 768 intervallum
1699 721 1739 765 a
1754 698 2135 766 continente
2155 711 2419 766 constat
2432 751 2454 784 ,
2466 699 2711 767 AEthio·

511 837 541 870 2
579 825 700 895 pas
727 816 986 872 tantum
1022 802 1308 899 populos
1335 803 1582 872 habere
1613 803 1935 898 proditur.
1968 804 2281 898 Ephorus
2313 817 2553 874 auctor
2587 818 2712 889 est,

577 930 620 974 a
667 907 902 978 Rubro
937 911 1105 978 mari
1148 912 1539 1004 navigantes
1580 911 1648 978 in
1692 934 1839 978 eam
1880 933 2019 978 non
2054 934 2251 1004 posse
2290 924 2571 1005 propter
2614 934 2709 978 ar·

575 1011 774 1083 dores
821 1013 996 1084 ultra
1039 1016 1356 1110 quasdam
1405 1014 1749 1085 columnas
1808 1004 1943 1107 (ita
1984 1014 2406 1110 appellantur
2449 1001 2711 1110 parvae⁶

573 1116 840 1207 insulae)
879 1122 1182 1215 provehi.
1219 1117 1563 1216 Polybius⁷
1592 1122 1661 1190 in
1702 1135 1997 1190 extrema
2036 1122 2443 1191 Mauritania
2476 1135 2707 1192 contra

463 1259 475 1268 -
575 1240 872 1295 montem
905 1226 1241 1297 Atlantem
1271 1251 1308 1295 a
1337 1243 1517 1297 terra
1546 1228 1753 1297 stadia
1781 1227 2199 1298 octo-abesse
2228 1227 2529 1322 prodidit
2556 1231 2709 1298 Cer·

575 1355 730 1399 nen.
776 1331 1004 1427 Nepos
1036 1331 1388 1406 Cornelius
1422 1319 1543 1403 ex⁸
1584 1334 1864 1404 adverso
1898 1335 2183 1404 maxime
2213 1335 2641 1428 Carthaginis
2672 1357 2709 1402 a

656 1543 707 1601 4.
763 1537 918 1592 Came
973 1545 1260 1594 nominatur.
1318 1539 1557 1593 laetatur
1574 1575 1593 1604 ‚

571 1615 747 1688 inquit
766 1655 783 1682 ,
805 1616 1035 1672 necdum
1063 1632 1241 1672 tamen
1268 1616 1430 1671 fldem
1453 1619 1597 1672 obti-

569 1696 708 1748 nuit.
738 1695 873 1750 Satis
901 1697 1114 1752 obscuri
1138 1697 1371 1752 nominis
1392 1737 1408 1764 ,
1431 1711 1487 1751 et
1514 1698 1597 1750 in-

567 1775 706 1828 certi
727 1775 860 1829 situs
881 1777 1018 1830 hanc
1043 1778 1203 1831 fuisse
1230 1790 1344 1830 tum
1365 1778 1598 1830 insulam

569 1853 750 1906 innuit
771 1873 785 1907 :
813 1874 914 1908 nec
939 1857 1078 1910 velle
1099 1876 1155 1910 se
1177 1857 1359 1922 famo,
1385 1875 1505 1928 quo
1530 1855 1599 1910 de

569 1951 634 1986 ea
678 1934 815 1987 forte
865 1937 1200 2006 percrebruit
1221 1973 1239 1999 ,
1285 1955 1598 2007 sponsorem

569 2011 706 2065 fieri.
747 2012 837 2066 Sic
882 2015 1193 2069 Eustathius
1240 2014 1308 2068 ad
1351 2015 1599 2087 Dionysii

569 2109 708 2146 vers.
751 2109 896 2162 219,
933 2112 1052 2166 pag.
1095 2095 1165 2148 32
1189 2131 1206 2160 ‚
1243 2092 1600 2166 discrepantes

569 2170 735 2224 refert
777 2186 1056 2227 auctorum
1091 2172 1160 2226 de
1195 2176 1309 2244 ejus
1345 2173 1449 2227 situ
1480 2193 1599 2227 sen·

571 2251 760 2304 tentius
793 2267 808 2302 ε
848 2253 1209 2324 Lycophrone
1229 2293 1246 2318 ,
1295 2251 1365 2307 ad
1419 2266 1599 2307 ortum

571 2329 736 2383 solis:
777 2331 1037 2404 Polybio,
1075 2331 1145 2386 ad
1192 2351 1437 2386 occasum
1469 2351 1485 2385 τ
1528 2331 1598 2386 ad

568 2409 849 2462 meridiem
870 2412 1128 2483 Dionysio
1154 2423 1436 2466 statuente.
1463 2412 1599 2465 Nul-

567 2487 652 2540 lus
677 2486 866 2542 dubito
891 2493 1020 2563 quin
1045 2491 1162 2545 haec
1186 2492 1429 2546 Pliniana
1445 2531 1460 2556 ,
1487 2491 1599 2546 sive

568 2568 1018 2639 Lycophroniana
1041 2611 1058 2636 ,
1111 2571 1222 2624 sive
1273 2571 1597 2643 Dionysiana

569 2648 744 2700 Cerne
783 2649 852 2702 sit
897 2667 958 2703 ea
1006 2669 1166 2723 quam
1217 2653 1273 2704 S.
1324 2648 1599 2705 Laurentii

568 2727 887 2794 vocitamus,
906 2729 1016 2783 sive
1038 2731 1386 2800 Madagascar.
1411 2737 1599 2784 Μενου·

566 2809 672 2867 Oia<
709 2805 894 2860 eadem
936 2809 1240 2874 Ptolemaei‚
1271 2811 1366 2864 lib.
1397 2809 1511 2875 IV,
1544 2829 1593 2864 c.

569 2903 625 2952 9.
653 2883 833 2939 ffinn.
856 2917 938 2927 —
962 2889 1168 2942 Locum
1197 2909 1410 2944 omnem
1436 2889 1597 2942 istum

518 2961 689 3016 '‘cum
719 2965 968 3022 Pintiano
999 2981 1052 3021 et
1083 2969 1339 3022 salmasio
1369 2971 1424 3022 in
1455 2967 1596 3021 Soli·

563 3061 726 3108 num,
746 3063 867 3116 pag.
895 3048 1008 3117 878
1027 3085 1043 3112 ,
1071 3048 1147 3101 sic
1171 3048 1346 3119 legere
1365 3048 1484 3102 vult
1510 3049 1594 3103 Cl.

565 3123 869 3180 Gossaunr
901 3143 916 3179 ε
960 3151 983 3174 ι
1013 3127 1249 3181 Alteram
1266 3168 1283 3196 ,
1319 3128 1412 3181 ubi
1449 3145 1597 3181 sacer

564 3221 720 3256 mons
761 3223 956 3276 opacus
987 3206 1118 3260 silva
1150 3221 1395 3278 repertus
1430 3219 1595 3272 esset,

565 3281 944 3338 distillantibus
961 3286 1240 3340 arboribus
1257 3286 1424 3340 odore
1443 3287 1593 3341 miro

563 3363 858 3429 suavitatis,
889 3377 1071 3418 eontra
1099 3366 1275 3419 sinum
1299 3365 1591 3420 Persicum.

563 3441 740 3495 Cerne
789 3444 1096 3498 nominatur
1148 3446 1322 3500 insula
1373 3443 1593 3499 adversa

562 3521 854 3593 AEthiopin
874 3561 892 3586 ,
940 3525 1092 3596 cujus
1115 3565 1132 3588 ,
1189 3537 1291 3579 etc.
1331 3551 1354 3573 ι
1415 3525 1591 3590 Quam

560 3598 780 3671 quidem
800 3602 1285 3675 interpunctionem
1307 3605 1456 3676 sequi
1482 3623 1591 3656 non

558 3697 718 3733 ausus
737 3699 886 3748 sum;
912 3700 1037 3735 nam
1060 3701 1124 3736 ex
1145 3683 1322 3736 verbis
1343 3685 1587 3755 proxime

559 3759 962 3832 insequentibus
985 3774 1224 3816 constare
1243 3762 1458 3818 videtur
1480 3763 1591 3816 No·

559 3851 730 3892 strum
754 3841 1113 3912 pugnantibus
1129 3843 1268 3896 inter
1286 3862 1342 3895 se
1367 3860 1587 3914 geogra-

557 3918 789 3988 phorum
816 3921 1089 3974 sententiis
1115 3921 1172 3973 in
1198 3921 1588 3976 dubitationem

557 3995 850 4051 adductum
867 4039 883 4064 ,
909 3999 1143 4054 diversas
1167 4019 1356 4054 eorum
1379 4003 1589 4072 opinio-

555 4095 650 4131 nes
695 4079 933 4134 retulisse
975 4093 1181 4134 tantum
1204 4105 1221 4144 ,⁴
1279 4099 1344 4134 ex
1389 4082 1586 4153 quibus

1682 1536 1803 1592 dua
1822 1536 2142 1592 videbantur
2160 1556 2273 1592 esse
2298 1537 2474 1591 Cerne
2502 1538 2707 1596 insula,

1680 1619 1922 1690 quamvis
1952 1618 2127 1689 reipsa
2161 1637 2270 1671 una
2310 1629 2520 1671 tantum
2554 1629 2709 1682 esset,

1682 1716 1843 1770 quam
1873 1698 1931 1751 in
1956 1697 2129 1750 insula
2152 1715 2320 1769 parva
2354 1697 2549 1760 Fedal,
2574 1695 2711 1750 baud

1680 1777 1841 1847 longe
1866 1795 1897 1829 a
1928 1775 2051 1829 Suu
2072 1776 2295 1848 agnovit
2326 1774 2715 1829 eruditissimus

1680 1857 1767 1909 vir
1798 1857 2139 1921 Constant,
2174 1858 2327 1928 cnjus
2350 1854 2590 1909 lucidam
2618 1854 2715 1908 dis-

1681 1936 2013 2006 putationem
2050 1933 2175 1988 vide
2208 1951 2377 2006 opene
2410 1937 2526 2006 jam
2564 1936 2715 1988 toties

1684 2013 1932 2078 laudato,
1956 2027 2088 2068 tom.
2112 2015 2158 2076 1,
2180 2033 2236 2085 p.
2258 2016 2334 2085 78
2360 2027 2416 2068 et
2438 2033 2588 2086 seqq.
2612 2013 2712 2067 En.

1768 2095 1822 2148 5.
1854 2094 2077 2148 Adversa
2102 2095 2398 2165 AEelu'opt'oe.
2426 2093 2598 2146 Plane
2630 2093 2715 2146 hic

1682 2172 1811 2226 situs
1830 2175 2082 2246 congruit
2098 2192 2223 2227 cum
2248 2171 2517 2226 hodierna
2536 2173 2713 2225 Mada·

1679 2271 1863 2322 gascon-
1876 2273 1897 2306 .·
1931 2272 2059 2307 nam
2099 2253 2301 2306 extimo
2342 2252 2713 2324 promontorio

1682 2344 1933 2386 exortum
1984 2333 2110 2387 solis
2155 2331 2396 2387 nativum
2458 2333 2679 2403 respicit
2696 2372 2711 2394 ,

1682 2412 1965 2484 sinumque
2017 2412 2289 2466 Persicum
2329 2431 2344 2466 ε
2396 2410 2713 2465 occidentali

1681 2491 1845 2545 latere
1860 2531 1876 2558 ‚
1896 2491 2179 2563 AEthiopiae
2192 2491 2435 2544 inferiori
2449 2491 2519 2544 ab
2532 2503 2713 2544 exortu

1682 2571 1807 2624 solis
1833 2571 2015 2624 estivo
2050 2570 2118 2624 ad
2144 2571 2436 2624 hibernum
2466 2589 2711 2624 occasum

1683 2648 2053 2721 protenditur.
2084 2651 2267 2704 Hsnn.

1764 2733 1819 2784 6.
1852 2729 2031 2782 Parva
2060 2731 2245 2784 insula.
2282 2729 2420 2794 Qun
2464 2729 2573 2782 sint
2608 2729 2713 2782 ista

1680 2809 1868 2863 insula
1893 2810 2119 2863 omnino
2146 2810 2439 2880 ignoratur.
2464 2805 2573 2860 En.

1762 2909 1817 2960 7.
1850 2889 2100 2952 Polybius.
2128 2891 2211 2942 De
2231 2888 2447 2958 Polybii
2465 2887 2711 2960 Nepotis·

1681 2986 1786 3039 que
1812 2968 1985 3022 Cerne
2008 2966 2247 3022 dicemus
2266 2967 2524 3032 inferius,
2546 2985 2709 3039 quum

1680 3045 1750 3100 de
1770 3047 2087 3119 Gorgonum
2108 3047 2283 3100 insula
2302 3065 2481 3100 sermo
2504 3047 2629 3099 erit.
2643 3047 2709 3099 H.

1764 3129 1817 3182 8.
1838 3127 1925 3179 Ex
1944 3128 2141 3179 adverso
2154 3129 2358 3178 maxime
2370 3126 2703 3196 Carthaginis.

1678 3203 1746 3258 Id
1808 3206 2082 3278 quomodo
2150 3203 2529 3277 accipiendum
2600 3205 2669 3258 sit
2690 3246 2705 3268 ‚

1676 3283 1870 3339 Hanno
1906 3285 2020 3358 ipse
2060 3285 2231 3356 aperit
2248 3325 2265 3350 ‚
2302 3303 2333 3337 a
2376 3303 2489 3356 quo
2530 3285 2709 3356 Nepos

1677 3363 1892 3418 hausit:
1926 3362 2248 3436 respondere
2284 3364 2547 3417 nimirum
2584 3365 2711 3417 Car-

1676 3443 1875 3514 thagini
1917 3464 1985 3498 ex
2024 3444 2249 3498 adverso
2280 3443 2549 3498 Cernen:
2582 3461 2710 3516 quo-

1676 3523 1823 3576 niam
1861 3523 2050 3578 similis
2080 3535 2158 3577 est
2196 3523 2467 3594 navigatio
2508 3542 2541 3575 a
2580 3525 2707 3577 Car·

1677 3602 1892 3674 tbagine
1923 3602 1995 3657 ad
2034 3603 2338 3664 columnas,
2366 3614 2531 3673 atque
2560 3622 2591 3656 a
2620 3621 2707 3654 co·

1673 3682 1875 3736 lumnis
1904 3682 1974 3737 ad
2006 3683 2255 3737 Cernen:
2288 3683 2432 3752 ἐῴκει
2460 3681 2559 3752 γὰρ
2576 3721 2594 3744 ,
2622 3681 2705 3734 in·

1672 3762 1790 3840 quit
1820 3781 1875 3833 p.
1902 3761 2033 3834 39‚3
2055 3769 2203 3823 πλοῦς
2224 3764 2282 3814 (ιι
2308 3783 2362 3816 τι
2388 3758 2703 3831 Καρχηδόνος

1675 3841 1757 3895 tui
1790 3841 1945 3904 ςήλας
1965 3879 1979 3900 ,
2013 3842 2233 3895 κάκεῖθεν
2274 3841 2361 3896 tui
2394 3845 2602 3912 Κέρνην.
2638 3841 2703 3892 Η.

1674 3953 1755 3964 —
1777 3919 2069 3986 Quomodo
2088 3922 2271 3974 locum
2288 3921 2438 3974 bunc
2466 3921 2703 3992 explana·

1674 3999 1748 4053 rit
1780 4001 2087 4055 Gossauu
2110 3998 2238 4053 vide
2260 4019 2429 4070 opere
2448 4001 2543 4054 cit.
2570 4011 2697 4051 tom.

1674 4080 1735 4144 1,
1760 4099 1883 4152 pag.
1912 4082 2017 4146 84,
2043 4097 2193 4152 seqq.
2220 4077 2327 4131 En.
