2950 5017
510 448 605 489 20

1044 426 1118 490 C.
1178 423 1524 490 PLINII
1582 422 1806 489 NAT.
1866 420 2125 487 HIST.

505 552 816 623 Succubo
831 539 906 637 ⁶⁶,
947 555 1013 623 N
1018 538 1449 640 uditanum⁶⁵,
1488 537 1748 621 Τιιειιί66
1801 566 2024 634 vetus;
2062 550 2284 617 omnia
2299 534 2349 587 ⁶⁷
2382 551 2662 618 Bastita-

428 691 461 741 6
505 662 629 730 niae
660 661 993 755 vergentis
1026 660 1111 728 ad
1146 685 1359 748 mare,
1394 674 1764 729 conventus
1805 683 1966 726 vero
1997 656 2472 727 Cordubensis.
2505 658 2661 724 Cir-

506 754 649 836 ca⁶⁸
695 768 945 836 flumen
988 768 1241 861 ipsum,
1281 752 1594 861 Ossigi⁶⁹‚
1625 765 1807 860 quod
1839 766 2350 860 cognominatur
2378 764 2662 832 Laconi-

502 981 601 1033 lib.
638 982 719 1044 11,
747 998 867 1051 pag.
901 986 953 1042 4.
982 968 1201 1032 Εσκουαν
1228 990 1407 1043 vocat,
1437 979 1540 1031 ho-

506 1060 595 1113 die
634 1061 811 1112 Truelo
850 1061 957 1113 sive
998 1060 1185 1111 Eruelo
1225 1058 1444 1112 Pinetus
1486 1072 1539 1111 et

508 1140 786 1193 Girolamo
804 1139 1033 1192 Ruscelli
1054 1156 1163 1192 esse
1180 1137 1534 1192 contendunt:

507 1220 644 1271 mihi
668 1220 773 1273 hoc
798 1237 995 1271 nomen
1028 1220 1227 1271 frustra
1252 1219 1308 1271 in
1334 1218 1541 1290 mappis

508 1299 805 1370 requirenti
836 1300 1074 1352 occurrit
1095 1300 1354 1363 Εεσιικαν,
1385 1299 1543 1369 quin-

510 1398 616 1449 que
644 1397 671 1430 a
703 1379 945 1431 Granada
977 1377 1170 1443 leucis,
1204 1377 1539 1431 occidentem

510 1460 649 1511 inter
693 1472 745 1511 et
788 1457 1099 1523 meridiem,
1139 1476 1305 1529 quam
1350 1459 1541 1511 urbem

510 1539 643 1591 mira
664 1538 897 1591 nominis
911 1536 1263 1592 similitudine
1285 1539 1543 1609 abreptus

510 1618 673 1670 Plinii
692 1619 920 1671 Escuam
933 1636 1045 1671 esse
1062 1618 1291 1671 libenter
1304 1617 1541 1684 credam,

510 1702 605 1751 etsi
633 1698 901 1751 affirmare
925 1716 1037 1750 non
1062 1696 1251 1751 audeo.
1273 1699 1378 1750 En.

592 1781 684 1841 64.
710 1777 955 1843 Succubo‚
977 1796 1097 1850 quae
1126 1777 1304 1830 Hirtio
1319 1816 1336 1844 ,
1356 1777 1451 1830 lib.
1472 1776 1542 1829 de

510 1859 654 1911 bello
681 1859 834 1930 Hisp.
860 1876 983 1930 pag.
1016 1857 1151 1921 254,
1177 1857 1354 1910 Ucubis
1383 1876 1542 1910 voca-

510 1952 601 1992 tur
617 1956 791 2010 prope
811 1940 1110 2008 Atteguam.
1130 1938 1467 2008 Capitolinus
1485 1938 1543 1989 in

510 2020 589 2071 Μ.
619 2019 894 2071 Antonino
920 2035 1042 2089 pag.
1073 2036 1140 2069 υ
1158 2056 1173 2081 ,
1202 2017 1542 2071 Succubitani

510 2088 789 2169 municipii
832 2098 1101 2161 meminit,
1136 2096 1287 2168 quod
1319 2098 1545 2168 impera·

514 2179 645 2231 toris
670 2178 749 2230 M.
771 2176 1032 2229 Antonini
1056 2195 1286 2248 proavus
1314 2178 1541 2249 patriam

510 2258 716 2311 habuit.
754 2258 873 2310 Hoc
910 2258 1099 2309 Ambr.
1135 2257 1365 2309 Mox-ales
1396 2276 1541 2309 nune

513 2357 623 2390 esse
661 2336 825 2388 Sic-rra
860 2338 910 2388 la
935 2338 1111 2388 Ronda
1130 2375 1145 2400 ,
1170 2336 1386 2390 Pinetus
1412 2354 1541 2389 vero

512 2416 764 2488 Stoponda
796 2435 909 2469 esse
936 2418 1137 2470 volunt.
1167 2418 1296 2469 Hoec
1320 2416 1542 2469 nomina

514 2499 570 2549 in
603 2496 809 2567 mappis
845 2514 955 2547 non
989 2495 1195 2568 reperi,
1236 2498 1340 2549 nisi
1374 2496 1542 2547 Sierra

515 2579 566 2627 Ια
593 2577 767 2629 Ronda
801 2575 869 2629 sit
895 2576 970 2627 La
990 2577 1163 2641 Roda,
1184 2588 1307 2628 octo
1345 2577 1538 2638 leuciS,

515 2668 607 2710 aut
631 2656 839 2721 Rauda,
864 2674 972 2709 una
1003 2668 1055 2709 et
1074 2656 1259 2728 viginti
1282 2657 1445 2709 leucis
1471 2658 1539 2709 ab

516 2738 687 2807 Echa,
701 2734 985 2789 meridiem
1013 2755 1213 2789 versus.
1230 2736 1327 2791 Hoe
1355 2750 1542 2789 autem

514 2817 675 2869 urbes
730 2816 867 2868 mihi
914 2815 1195 2887 Astigitani
1248 2828 1542 2869 conventus

514 2895 675 2947 fuisse
722 2894 975 2948 videntur
992 2916 1025 2961 ;⁴
1047 2896 1296 2948 Succubo
1332 2909 1511 2948 autem
1525 2932 1540 2953 ‚

515 2988 575 3028 ut
610 2992 738 3027 mox
772 2973 913 3027 dicet
938 2975 1163 3039 Noster,
1180 2974 1546 3028 Cordubensis

513 3056 637 3109 fuit.
668 3055 783 3125 Ego
808 3072 939 3106 vero
961 3055 1067 3107 hoc
1087 3053 1355 3126 oppidum
1386 3068 1439 3107 et
1462 3074 1545 3108 se·

514 3134 734 3205 quentia
755 3134 1057 3187 Nuditanum
1081 3134 1281 3187 scilieet
1311 3148 1364 3187 et
1394 3136 1547 3186 Tuati

513 3226 654 3267 vetus
672 3255 687 3275 ,
718 3232 837 3284 quae
864 3214 1064 3284 pariter
1086 3214 1429 3285 ignorantur,
1460 3216 1543 3267 in-

513 3307 595 3346 ter
626 3295 855 3346 Escuzar
890 3306 943 3346 et
976 3294 1242 3359 internum
1271 3314 1418 3347 mare
1445 3296 1544 3347 sita

512 3373 670 3427 fuisse
698 3386 850 3445 puto.
878 3374 984 3426 En.

596 3453 691 3507 65.
712 3454 1034 3507 Nuditanum.
1050 3453 1204 3506 MSS.
1226 3454 1538 3507 Unditanum.

514 3535 822 3604 Utrumque
849 3535 1146 3606 ignoratur,
1172 3548 1234 3587 ut
1264 3532 1427 3587 modo
1458 3533 1543 3585 di·

511 3614 705 3665 ximus,
732 3614 833 3666 ΕΙ).
1186 3610 1191 3615 ’

596 3698 691 3747 66.
724 3694 892 3745 Tuan:
932 3696 1013 3746 Ita
1045 3692 1197 3747 MSS.
1225 3712 1443 3759 omnes),
1476 3693 1543 3745 li-

512 3774 711 3844 brique
742 3772 873 3825 editi
901 3785 1025 3826 ante
1060 3773 1385 3826 Frobenium
1404 3810 1417 3830 ,
1447 3773 1542 3845 qui

521 3855 672 3905 Tucci
698 3865 839 3904 ‘areius
864 3853 1100 3923 reposuit
1118 3894 1133 3919 ,
1168 3854 1223 3904 in
1252 3854 1390 3906 hanc
1412 3872 1542 3905 con·

508 3936 767 4002 jecturam
797 3931 1050 3985 inductus
1072 3933 1292 3985 nomine
1319 3933 1542 3987 coloniae

522 4016 670 4065 Tucci
686 4055 701 4077 ‚
732 4014 977 4082 Augustae
991 4013 1245 4065 Gemellae
1265 4014 1540 4084 cognomi-

509 4105 674 4158 natae,
696 4092 765 4145 de
788 4111 891 4164 qua
916 4092 1079 4162 paulo
1102 4093 1327 4146 inferius
1348 4094 1541 4147 Noster

1629 996 1751 1051 pag.
1796 997 1888 1048 ²7·
1933 977 2230 1047 Utriusque
2283 975 2416 1029 situs
2457 975 2665 1046 ignora-

1629 1070 1738 1111 tur.
1771 1058 1874 1110 En.

1711 1141 1806 1207 67.
1849 1137 2032 1190 Omnia
2077 1136 2372 1188 Bastitanioe
2415 1140 2666 1203 vergentis

1629 1218 1700 1270 ad
1717 1237 1849 1269 mare
1862 1256 1878 1283 ,
1896 1228 2150 1269 conventus
2176 1236 2294 1266 ‘uero
2315 1214 2680 1275 Cordubensis-‚¹

1631 1304 1789 1362 cit-ca,
1823 1310 1922 1350 etc.
1953 1296 2130 1348 Dalec.
2166 1310 2220 1347 et
2254 1296 2368 1347 Elz.
2404 1296 2462 1345 V
2454 1299 2665 1364 ‹er-gemis

1630 1378 1702 1429 ad
1743 1398 1891 1431 mare.
1929 1376 2200 1429 Conventus
2232 1395 2352 1426 vero
2381 1374 2664 1427 Corduben-

1629 1463 1718 1525 sis,
1739 1462 1885 1521 circa,
1908 1468 2008 1508 etc.
2034 1456 2146 1507 Nos
2165 1474 2294 1509 vero
2316 1454 2664 1507 Harduinum

1631 1538 1781 1608 sequi
1820 1536 2138 1601 maluimus;
2169 1554 2295 1587 nam
2325 1535 2368 1585 si
2404 1534 2666 1587 recensita

1631 1618 1887 1671 hactenus
1917 1614 2118 1686 oppida
2141 1628 2438 1667 conventus
2450 1612 2665 1667 Cordu-

1631 1698 1808 1750 bensis
1827 1716 1938 1748 non
1967 1694 2186 1748 fuerunt
2201 1734 2217 1757 ,
2239 1694 2664 1765 Carthaginiensi

1630 1774 1980 1830 adscribenda
2037 1787 2229 1839 erunt;
2285 1775 2664 1845 Carthaginem

1631 1856 1794 1919 enim,
1812 1869 1873 1908 ut
1895 1853 2062 1907 modo
2082 1854 2224 1907 dicet
2242 1854 2454 1918 Noster,
2474 1872 2671 1908 conve-

1633 1938 1853 1989 niebant
1882 1935 2135 1988 Bastitani
2154 1975 2169 2000 ,
2192 1936 2268 1986 sie
2293 1954 2358 1987 ex
2392 1936 2531 1987 urbe
2559 1936 2666 1987 Ba-

1631 2018 1732 2077 sti,
1761 2014 1924 2067 hodie
1949 2016 2091 2068 Baza
2110 2055 2126 2080 ,
2145 2013 2296 2067 dicti.
2339 2015 2445 2066 Hic
2483 2028 2664 2068 autem

1631 2096 1832 2148 indicat
1857 2095 2062 2149 Plinius
2087 2095 2268 2147 omnia
2289 2094 2405 2146 haec
2431 2095 2665 2166 oppida,

1632 2176 1873 2247 quamvis
1895 2176 2196 2228 Bastitaniae
2215 2172 2482 2246 adscripta
2495 2216 2510 2240 ,
2533 2177 2670 2228 Cor·

1631 2254 1882 2308 dubensis
1927 2268 2106 2307 tamen
2145 2266 2440 2309 conventus
2485 2255 2661 2320 fuisse,

1629 2337 1742 2389 sive
1762 2335 2068 2389 Cordubam
2091 2335 2416 2389 convenisse.
2437 2337 2541 2389 En.

1714 2420 1810 2470 68.
1862 2416 2010 2469 Circa
2045 2416 2236 2487 flumen
2279 2418 2452 2486 ipsum.
2505 2417 2666 2471 Circa

1631 2496 1835 2549 Baetim.
1880 2497 1986 2548 En.

1715 2580 1808 2645 69.
1827 2575 2021 2644 Ossigi,
2036 2575 2169 2648 quod
2181 2580 2550 2645 cognominatur
2567 2578 2666 2627 La·

1633 2660 1865 2708 conicum.
1881 2658 1944 2708 In
1964 2656 2222 2728 Hispania
2241 2656 2532 2709 Laeonicos
2545 2676 2665 2708 mo-

1630 2755 1716 2789 res
1747 2748 1801 2789 et
1830 2736 2070 2788 instituta
2101 2736 2345 2789 floruisse
2374 2750 2562 2789 auctor
2588 2752 2667 2789 est

1633 2816 1853 2880 strabo,
1887 2816 1978 2869 lib.
2016 2816 2131 2878 111,
2166 2834 2288 2887 pag.
2347 2814 2488 2879 154,
2537 2816 2666 2868 inde

1634 2897 1726 2949 illa
1761 2896 1982 2948 fortasse
2021 2896 2342 2966 cognomina
2370 2898 2664 2947 Laconicum

1635 2988 1688 3028 et
1725 2978 2100 3045 Laconimurgi‚
2138 2994 2256 3047 quae
2297 2994 2442 3027 nune
2472 2994 2664 3028 occur-

1631 3070 1775 3109 runt.
1803 3058 1868 3108 In
1897 3054 2045 3107 MSS.
2076 3066 2254 3107 tamen
2285 3054 2391 3107 hoc
2419 3057 2541 3108 loco
2567 3058 2665 3107 La-

1635 3140 1814 3188 tonium
1849 3135 2128 3198 scribitur3
2165 3134 2347 3188 chiffl.
2383 3136 2664 3189 Lemnium.

1634 3216 1978 3269 Castulonem
2023 3214 2162 3266 inter
2203 3227 2258 3267 et
2296 3215 2530 3286 Illiturgi
2565 3218 2665 3269 sita

1631 3296 1790 3348 fuisse
1803 3296 1854 3347 M
1863 3306 2086 3347 annerto
2097 3294 2325 3356 videtur,
2340 3294 2492 3348 haud
2505 3296 2666 3367 longe

1630 3376 1698 3428 ab
1725 3372 2030 3436 Ubeda,·sed
2045 3392 2214 3445 quum
2229 3376 2446 3429 Castulo
2463 3394 2572 3427 non
2599 3378 2667 3429 sit

1637 3456 1877 3521 Cazorla,
1917 3466 1976 3506 ut
2005 3454 2319 3507 Mannertus
2355 3468 2510 3525 putat
2527 3490 2544 3515 ‚
2571 3455 2664 3508 sed

1637 3534 1857 3588 Cazlona
1873 3574 1889 3599 ,
1918 3546 1978 3586 ut
1997 3533 2070 3586 ait
2094 3533 2432 3599 n’Auvum,
2457 3534 2525 3587 ad
2549 3536 2664 3588 Βω-

1628 3616 1726 3668 tim
1747 3653 1759 3671 ‚
1790 3633 1899 3686 quo
1932 3614 2055 3668 loco
2088 3633 2301 3667 amnem
2337 3615 2670 3669 Guadah'mar

1630 3695 1852 3765 recipit,
1889 3693 2039 3747 hunc
2069 3694 2252 3747 locum
2290 3695 2428 3748 inter
2459 3709 2510 3747 et
2547 3686 2668 3748 'Ini-

1629 3776 1800 3845 turgi,
1824 3773 1971 3846 quod
1989 3793 2059 3827 xx
2091 3792 2154 3826 Μ.
2174 3792 2311 3845 pass.
2335 3795 2361 3827 a
2377 3775 2670 3828 Castulone

1631 3853 1942 3907 Cordubam
1957 3873 2141 3907 versus
2159 3854 2404 3907 dissitum
2421 3857 2670 3906 novimus

1632 3952 1695 3985 ex
1717 3935 1975 3986 Antonini
2026 3934 2341 3998 ItinerariO,
2393 3934 2669 4005 requiren-

1631 4012 1764 4065 dum
1795 4026 1874 4065 est
1897 4014 2061 4083 Ossigi
2079 4052 2094 4077 ,
2114 4010 2260 4066 haud
2287 4014 2444 4084 longe
2469 4016 2537 4067 ab
2565 4034 2666 4087 op·

1629 4093 1760 4164 pido
1783 4092 1946 4147 hodie
1979 4094 2184 4164 Espeltei
2209 4091 2372 4147 dicto.
2401 4094 2502 4146 En.
