2950 5017
517 403 662 502 760
1062 406 1142 473 c,
1188 403 1531 475 PLINII
1578 404 1798 474 NAT.
1846 405 2109 474 msT.

517 539 848 610 Paeoniam
868 588 890 623 ,
952 535 1212 632 Illyrios
1230 589 1253 624 ,
1315 537 1767 631 Dyrrachium
1794 590 1817 624 ‚
1872 537 2237 608 Canusium
2256 588 2278 624 ,
2332 535 2591 631 Apuliae
2606 539 2659 580 '⁹

517 647 802 733 extima,
838 644 1314 739 Campaniam,
1351 645 1727 734 Etruriam,
1765 643 1991 729 Pisas,
2025 644 2289 712 Lunam
2308 693 2331 728 ,
2366 645 2661 729 Lucam,

519 753 865 838 Genuam,
909 751 1287 846 Liguriam,
1327 748 1673 845 Antipolin
1701 800 1723 835 ,
1776 747 2143 822 Massiliam
2164 801 2187 835 ,
2234 747 2663 834 Narbonem,

517 859 999 943 Tarraconem,
1026 856 1412 951 Hispaniam
1439 859 2007 940 Tarraconensem
2034 853 2321 926 mediam
2346 907 2367 943 ,
2400 869 2475 924 et
2506 854 2662 925 inde

517 988 642 1059 per
685 963 1120 1035 Lusitaniam.
1173 963 1517 1038 Gnomoni
1567 961 1769 1058 pedes
1821 985 2103 1049 novem,
2164 961 2423 1032 umbrae
2484 976 2663 1032 octo.

517 1070 934 1164 Longissima
987 1068 1118 1138 diei
1165 1069 1378 1164 spatia
1399 1119 1422 1153 ‚
1471 1068 1795 1138 horarum
1850 1065 2411 1162 aequinoctialium
2464 1068 2661 1162 quin-

516 1175 769 1261 decim,
812 1174 1041 1244 addita
1085 1198 1268 1248 nona
1313 1187 1506 1270 parte
1542 1175 1741 1248 unius
1778 1173 2010 1244 horae.
1992 1200 2011 1216 ·
2066 1188 2219 1262 aut,
2270 1190 2349 1244 ut
2388 1173 2665 1270 Nigidio

517 1281 802 1378 placuit,
843 1281 1095 1411 quinta.

450 1401 483 1458 8
623 1371 984 1483 Septima&
1038 1385 1274 1458 divisio
1321 1387 1408 1456 ab
1447 1384 1659 1456 altera
1707 1386 1933 1481 Caspii
1970 1385 2175 1458 maris
2212 1409 2333 1455 ora
2381 1386 2664 1480 incipit·

379 1557 390 1566 .
516 1493 833 1588 vaditque
867 1517 1076 1624 supra
1109 1491 1428 1581 Calatim,
1461 1493 1935 1589 Bosphorum,
1974 1491 2497 1587 Borysthenem,
2536 1495 2665 1562 To—

515 1625 703 1687 mos,
739 1585 1102 1669 Thracia?⁴¹¹
1137 1623 1411 1688 aversa,
1449 1596 1809 1687 Triballos‚
1844 1596 2091 1693 Illyrici
2118 1595 2401 1692 reliqua,
2427 1597 2667 1669 Adria·

513 1706 724 1780 ticum
763 1729 996 1791 mare,
1035 1652 1451 1801 Aquileiani‚
1498 1703 1845 1791 Altinum,
1880 1705 2265 1791 Venetiam,
2290 1705 2669 1792 Vicetiam,

514 1812 860 1882 Patavium
876 1861 898 1900 ,
925 1813 1268 1886 Veronam
1288 1861 1309 1894 ‚
1339 1814 1747 1882 Cremonam
1771 1861 1793 1897 ,
1820 1812 2248 1896 Ravennam,
2277 1813 2667 1892 Anconam,

513 1919 869 2005 Picenum,
910 1918 1209 2002 Marsos,
1251 1915 1605 2014 Pelignus,
1638 1916 1923 1990 Sabinos
1946 1968 1968 2005 ,
2002 1916 2399 2002 Umbriam,
2428 1919 2670 1988 Arimi·

514 2047 678 2096 num
697 2077 718 2113 ,
755 2023 1160 2112 Bononiam,
1196 2021 1636 2108 Placentiam,
1668 2020 2161 2108 Mediolanum,
2192 2023 2554 2117 omniaque
2580 2023 2669 2092 ab

513 2131 902 2226 Apennino:
922 2144 1238 2224 transque
1257 2129 1462 2224 Alpes
1474 2127 1763 2201 Galliam
1784 2129 2271 2222 Aquitanicam,
2288 2129 2629 2198 Viennam
2646 2182 2668 2213 ,

513 2240 934 2332 Pyrenaeum,
977 2234 1426 2308 Celtiberiam.
1471 2234 1815 2306 Umhilico
1866 2235 2141 2329 triginta
2194 2235 2495 2330 quinque
2540 2261 2667 2330 pe-

516 2342 678 2413 dum
703 2395 726 2430 ,
781 2341 1036 2412 umhrae
1079 2343 1354 2437 triginta
1397 2365 1515 2411 sex
1538 2395 1559 2428 ,
1614 2356 1694 2412 ut
1747 2355 1973 2414 tamen
2022 2343 2093 2410 in
2126 2353 2319 2435 parte
2361 2342 2669 2411 V-etiae

517 2463 898 2542 exaequetur
955 2448 1196 2516 umbra
1256 2449 1577 2543 gnomoni
1625 2464 1643 2507 τ
1694 2443 2099 2541 amplissima
2148 2445 2289 2516 dies
2339 2447 2667 2517 horarum

517 2551 1070 2649 aequmoctialium
1117 2554 1495 2648 quindecim
1522 2607 1542 2642 ,
1595 2567 1664 2622 et
1712 2554 2097 2647 quintarum
2140 2553 2435 2647 partium
2482 2555 2670 2624 horae

519 2677 746 2730 trium.

452 2796 486 2845 9
628 2770 969 2836 Hactenus
995 2765 1418 2860 antiquorum
1441 2777 1676 2834 exacta
1696 2761 2201 2835 celebravimus
2232 2766 2669 2858 sequentium

520 2871 1038 2967 diligentissimi,
1077 2871 1262 2967 quod
1291 2885 1593 2967 superest
1632 2885 1961 2941 terrarum
1998 2870 2213 2941 tribus
2246 2873 2673 2966 assignavere

521 2979 902 3074 segmentis.
930 2980 993 3047 A
1019 2980 1229 3048 Tanai
1261 3003 1384 3074 per
1418 2978 1697 3048 Maeotin
1733 2975 1953 3050 lacum
1982 2992 2051 3046 et
2090 2977 2429 3046 Sarmatas
2458 3001 2673 3072 usque

523 3084 1004 3180 Borysthenem
1018 3133 1040 3168 ,
1063 3097 1266 3178 atque
1297 3085 1390 3154 ita
1425 3108 1549 3178 per
1574 3085 1799 3154 Dacos
1828 3098 2223 3179 partemque
2250 3085 2669 3164 Germaniae,

528 3188 778 3261 Gallias
795 3245 816 3278 ,
855 3191 1114 3266 Oceani
1148 3188 1368 3261 littora
1407 3187 1937 3285 amplexi,quod
1983 3203 2156 3259 esset
2194 3189 2521 3260 horarum
2564 3215 2672 3260 se-

525 3291 762 3368 decim.
793 3295 1095 3369 Alterum
1127 3321 1249 3398 per
1279 3296 1751 3392 Hyperboreos
1777 3311 1847 3365 et
1867 3296 2311 3382 Britanniam,
2348 3295 2669 3366 horarum

613 3564 706 3614 ²9·
732 3545 935 3616 Apuuoe
958 3545 1137 3596 alima
1151 3579 1170 3606 ‚
1203 3545 1551 3616 Campaniam,
1641 3544 1883 3598 rachium
1904 3582 1921 3610 ,
1962 3543 2253 3597 Canusium
2276 3583 2294 3608 ,
2326 3541 2546 3614 Apuli·
2580 3561 2671 3598 ex·

533 3626 790 3678 Etruriam
807 3663 825 3691 ,
868 3625 1045 3688 Pisas,
1091 3636 1192 3678 etc.
1252 3624 1557 3678 Priscianus
1640 3625 1787 3678 tima.
1810 3649 1836 3672 ι
1868 3621 2051 3676 Han.

529 3705 824 3758 Grammat.
849 3703 946 3758 lib.
967 3704 1085 3768 111,
1109 3723 1228 3775 pag.
1257 3705 1367 3758 608
1385 3743 1402 3768 ,
1425 3703 1555 3758 hinc
1726 3703 1816 3758 3ο.
1870 3702 2085 3773 Septima
2128 3701 2319 3755 divisio.
2380 3702 2673 3756 Parallelus

529 3783 691 3837 Plinii
714 3783 893 3836 locum
932 3783 1089 3836 affert
1111 3783 1170 3836 in
1197 3782 1434 3836 medium
1451 3821 1468 3847 ,
1492 3795 1556 3836 ut
1642 3779 1734 3836 διὰ
1772 3784 1925 3854 μέσου
1959 3784 2153 3836 Πόντου
2194 3781 2483 3836 Ptolem-o
2501 3819 2521 3849 ,
2550 3783 2670 3836 loeo

528 3865 753 3917 acimum
776 3875 1100 3934 proult-emo
1069 3860 1176 3915 oid
1179 3875 1266 3916 ctu
1231 3879 1375 3916 uma
1395 3863 1477 3915 Ve
1480 3875 1554 3916 te—
1642 3863 1821 3916 citato.
1846 3859 2029 3913 Hsan.

527 3885 677 4076 {ibus
719 3943 888 4012 probe
857 3954 956 3994 et·
1005 3943 1180 3996 -Plin
1147 3943 1302 4006 iiius,
1337 3941 1489 4014 iunqi
1436 3942 1550 4004 ui,t
1726 3943 1818 3996 31.
1844 3941 2071 3996 Thmoiae
2088 3961 2270 3994 anna.
2286 3941 2666 4014 Septemtrioni

647 4035 770 4076 exot
809 3968 1080 4076 Naturalis
1105 4021 1272 4076 histor
1273 4022 1378 4076 i:a=
1412 4023 1554 4095 Dyr·
1643 4021 2170 4093 pmemaobvemm.
2199 4018 2379 4074 Hm.
