2950 5017
623 416 713 488 36

570 441 951 634 Ξῖ3ἀειιῐιι3,
1016 547 1296 635 Thena,
1356 550 1617 638 Batha‚

1123 417 1200 484 C.
1252 417 1595 486 PLINII
1645 418 1856 486 NAT.
1911 418 2168 485 HIST.

1668 548 1877 619 Alana
1890 602 1911 635 ,
1965 554 2286 638 Macum,
2337 553 2705 637 ScammOS,

571 659 826 726 Goram
886 657 955 723 in
1019 654 1285 724 insula.
1348 655 1433 725 ab
1485 658 1566 726 iis
1626 655 1878 744 Abala,
1943 655 2420 744 Androcalim,
2475 659 2708 738 Seren,

570 760 858 844 Mallos,
892 763 1167 854 Agocen
1184 749 1253 829 ¹⁴⁸.

675 870 779 934 Ex
812 866 1047 936 Africae
1084 853 1357 938 late1e¹⁵
1390 867 1637 937 tradita
1683 883 1840 938 sunt
1873 867 2111 938 eodem
2147 869 2421 938 nomine
2443 871 2714 936 Tacom-

572 999 727 1068 psos
763 971 1003 1052 altera,
1052 974 1189 1042 sive
1233 998 1387 1068 pars
1422 976 1715 1068 prioris.
1746 975 2065 1069 Magora,
2103 977 2265 1058 Sea,
2303 973 2568 1059 Edosa,
2601 976 2714 1041 Pe·

574 1078 859 1160 lenaria,
901 1078 1175 1172 Pyndis‚
1228 1081 1547 1174 Magusa,
1585 1084 1877 1166 Bauma,
1941 1081 2288 1168 Linitima,
2325 1065 2696 1173 Spintum*
2699 1131 2716 1162 ,

572 1184 902 1280 Sydopta,
927 1187 1263 1272 Gensora,
1303 1185 1736 1271 Pindicitora,
1772 1189 2099 1280 AgugO,
2025 1185 2073 1226 ¹⁷
2138 1187 2443 1270 Orsima,
2487 1188 2714 1266 Suasa,

576 1276 1415 1379 Maumarumss‚U1-bim‚
1441 1290 1711 1374 Mulon,
1749 1293 1932 1385 quod
1973 1291 2294 1386 oppidum
2327 1292 2550 1374 Graeci
2593 1294 2718 1383 Hy-

576 1395 849 1492 paton¹⁹
892 1412 1282 1466 vocarunt:
1331 1401 1746 1494 Pagoargas,
1787 1402 2106 1483 Zamnes,
2158 1397 2338 1466 unde
2391 1395 2720 1491 elephanti

578 1505 943 1598 incipiant:
981 1501 2047 1592 Mamblia,Berresa²⁰,Cetuma.
2087 1505 2242 1572 Fuit
2274 1502 2618 1598 quondam
2659 1515 2720 1570 et

579 1612 744 1704 Epis
771 1608 1091 1703 oppidum
1132 1624 1367 1679 contra
1408 1611 1734 1697 Meroen,
1771 1625 2132 1704 antequam
2171 1610 2342 1679 Bion
2374 1607 2718 1692 scriberet,

581 1715 891 1785 deletum.

691 1825 849 1890 Haec
890 1834 1046 1889 sunt
1081 1771 1349 1915 prodita
1387 1846 1600 1917 usque
1637 1823 1961 1891 Meroen·
2000 1845 2082 1890 ex
2121 1821 2360 1916 quibus
2393 1821 2532 1890 hoc
2565 1834 2722 1889 tem-

583 1951 747 2024 pore
796 1925 1051 1995 nullum
1111 1952 1322 2022 prope
1367 1943 1650 2023 utroque
1700 1925 1908 1996 latere
1955 1941 2191 1996 exstat.
2242 1925 2516 1996 Certe²¹

589 2109 697 2175 145
726 2151 741 2176 ,
775 2110 848 2162 ob
876 2109 1139 2180 templum
1171 2109 1361 2182 utique
1392 2111 1614 2164 Herculi

581 2210 613 2243 a
657 2190 911 2242 Postumo
960 2187 1283 2242 aediflcatum
1334 2191 1610 2255 Deusone,

583 2281 703 2340 post
728 2269 1005 2322 victoriam
1032 2269 1425 2334 Germanicam,
1448 2270 1614 2322 veluti

586 2349 809 2402 tutator-i
832 2345 1018 2400 lim'itis
1054 2349 1285 2402 romani.
1316 2350 1410 2401 Est
1436 2362 1614 2402 autem

586 2429 753 2482 Denso
801 2425 1061 2499 oppidum
1100 2440 1253 2480 vetus
1306 2427 1363 2480 in
1416 2429 1620 2482 finibus

585 2507 947 2578 Lotharingiae
963 2541 981 2566 ,
1006 2507 1100 2558 ubi
1124 2519 1237 2559 tum
1264 2507 1489 2561 claustra
1510 2509 1616 2560 Im-

586 2588 723 2659 perii
746 2586 994 2639 adversus
1015 2586 1311 2639 Germanos
1336 2587 1617 2640 Postumus

588 2679 800 2720 strenue
814 2667 1099 2718 tutabatur.
1116 2666 1323 2717 Nomen
1335 2667 1616 2736 antiquum

588 2746 857 2816 hodieque
882 2746 1111 2810 retinet,
1147 2744 1366 2809 Dieuze,
1408 2745 1502 2797 ubi
1535 2764 1617 2798 sa-

588 2826 713 2878 linae
742 2836 865 2878 sunt
890 2822 1287 2888 laudatissimam
1311 2825 1367 2876 in
1395 2825 1616 2895 provin-

588 2905 671 2959 cia
712 2903 855 2957 dicta
895 2901 1059 2956 hodie
1097 2903 1421 2973 depae-temen!
1461 2903 1522 2955 de
1566 2904 1618 2955 la

589 2985 827 3038 Mem-the.
870 2985 991 3053 Ipse
1028 2997 1205 3035 autem
1240 2983 1525 3035 Postumus
1561 2985 1618 3036 in

590 3065 698 3118 suis
722 3063 957 3116 nummis
986 3061 1268 3127 scribitur,
1304 3079 1431 3115 mr.
1460 3081 1510 3114 c.
1549 3079 1617 3115 ιι.

592 3161 725 3196 mss.
778 3160 899 3196 ur.
954 3159 1227 3194 rosrvnvs
1278 3160 1329 3193 ι».
1380 3159 1432 3195 ιν.
1491 3158 1618 3193 Δια.

598 3250 620 3271 ι
643 3225 945 3293 Imperator
974 3221 1149 3274 Caesar
1173 3220 1392 3272 Marcus
1413 3221 1623 3274 Cassius

590 3303 752 3355 Latro
781 3302 1061 3353 Postumus
1089 3299 1217 3352 Pius
1248 3299 1397 3352 Felix
1438 3301 1620 3369 Augu-

594 3397 721 3436 stus.
750 3407 774 3428 »
814 3381 1047 3440 Marcus,
1076 3391 1138 3430 ut
1168 3397 1233 3431 ex
1265 3390 1424 3449 gente
1450 3379 1622 3430 Anto-

595 3462 720 3524 nia3
748 3460 803 3512 in
828 3477 934 3530 qua
970 3458 1140 3510 Marci
1166 3476 1476 3529 prenomen
1510 3457 1622 3529 pri-

598 3539 985 3611 mogenitorum
1010 3536 1131 3590 suit.
1163 3537 1385 3600 Cassius,
1414 3557 1476 3590 ex
1503 3537 1626 3590 Cas-

597 3621 702 3673 sia:
728 3617 873 3670 unde
892 3629 943 3670 et
967 3617 1059 3670 ille
1080 3617 1313 3682 Cassius,
1331 3617 1480 3688 cujus
1501 3628 1626 3669 sunt

598 3700 805 3751 nummi
868 3696 1113 3767 inscripti
1138 3732 1156 3759 ‚
1219 3709 1341 3767 post
1402 3696 1625 3750 Caesaris

600 3777 884 3832 Dictatoris
912 3794 1097 3828 necem
1122 3794 1136 3828 :
1165 3795 1326 3830 mest.
1353 3793 1481 3829 nn».
1505 3793 1624 3828 uu-

598 3875 821 3910 mtnns.
852 3855 1038 3908 Han.

688 3943 773 3999 14.
809 3937 1031 4005 Agocen.
1063 3933 1245 3987 Chiffl.
1274 3933 1490 4004 Agolen.
1517 3933 1620 3986 En.

687 4015 773 4069 15.
801 4016 887 4068 Ex
918 4016 1109 4083 Africoe
1136 4014 1298 4080 latere.
1342 4015 1389 4064 Α
1418 4015 1624 4084 Syene,

2579 1925 2723 1996 soli·

1701 2109 1879 2182 inquit
1899 2149 1916 2174 ,
1937 2110 2158 2163 Meroen
2185 2130 2365 2164 versus
2392 2123 2448 2164 et
2467 2125 2726 2175 ausu-um,

1701 2190 1854 2244 lateri
1889 2191 2001 2242 Nili
2031 2189 2207 2244 amnis
2236 2191 2556 2244 occidentali
2577 2225 2593 2252 ,
2625 2210 2724 2261 qua

1701 2281 1902 2340 spectat
1942 2270 2176 2322 Africam
2195 2309 2214 2332 ,
2245 2269 2494 2323 adsident
2537 2269 2724 2342 oppida

1703 2367 1822 2420 quae
1847 2360 2165 2419 sequuntur.
2188 2348 2368 2402 Hum.

1792 2431 1879 2481 16.
1903 2428 2142 2498 Spintum.
2166 2429 2352 2482 chiffl.
2365 2428 2592 2500 Spintum.
2609 2423 2724 2480 Dal.

1703 2505 1992 2578 Spyntuma.
2021 2507 2124 2559 En.

1791 2604 1880 2655 17.
1905 2587 2112 2655 Agaga.
2139 2587 2321 2640 Dalec.
2348 2587 2553 2658 Eugoa.
2576 2589 2677 2640 Eo.

1793 2669 1884 2719 18.
1917 2666 2222 2717 BIaumarum
2241 2703 2260 2729 ,
2301 2666 2504 2732 Urbim,
2545 2667 2720 2719 Mulon.

1704 2745 1788 2797 Ita
1833 2745 2197 2815 rescripsimus
2233 2763 2298 2797 ex
2335 2745 2446 2798 fide
2490 2745 2724 2799 codicum

1704 2825 1836 2893 Reg.
1875 2843 1898 2876 1
1924 2863 1940 2888 ,
1985 2843 2042 2880 2,
2076 2824 2233 2876 Colb.
2279 2843 2302 2878 1
2325 2863 2343 2890 ,
2375 2845 2434 2885 2,
2482 2840 2539 2878 et
2571 2825 2723 2878 Paris.

1706 2903 1860 2956 Prius
1879 2903 2226 2973 legebatur-in
2247 2903 2532 2975 impr-etsie,
2551 2905 2724 2968 Maean,

1706 2981 1930 3048 Rhama,
1964 2982 2215 3048 Urhuma,
2243 2982 2472 3038 Malana.
2497 2983 2676 3036 Hum-

1794 3081 1883 3130 19.
1923 3061 2176 3132 Hypaton.
2215 3062 2340 3115 Vet.
2385 3062 2531 3135 apud
2558 3063 2722 3115 Dalec.

1708 3139 2000 3210 Hrpatieon.
2027 3143 2130 3193 En.
2147 3147 2464 3208 -Ϊπατον,
2483 3143 2628 3213 quasi
2649 3160 2724 3194 sn·

1707 3237 1956 3290 premum
1976 3231 2029 3271 et
2054 3219 2322 3273 ultimum.
2353 3181 2539 3276 Haim.

1792 3318 1878 3351 πο.
1906 3299 2134 3352 Ber-resa.
2173 3299 2380 3352 Locum
2417 3299 2508 3352 hic
2542 3301 2722 3354 habere

1709 3377 1942 3430 fortassis
1983 3379 2148 3448 possit
2179 3379 2358 3448 Βίρεξ,
2396 3380 2547 3451 quod
2581 3379 2722 3450 oppi-

1712 3455 1841 3508 dum
1864 3457 2190 3518 Timocrates
2206 3457 2354 3529 apud
2381 3460 2722 3530 Stephanum,

1713 3536 2042 3608 AEthiopiam
2086 3537 2224 3590 inter
2271 3535 2622 3610 Indiamque,
2656 3537 2722 3588 la-

1711 3617 1863 3668 xiore
1911 3627 2056 3668 certe
2089 3634 2191 3668 nec
2222 3617 2346 3670 satis
2373 3615 2621 3672 distincto
2651 3615 2724 3667 in-

1715 3695 1938 3748 tervallo
1953 3732 1970 3759 ,
1999 3696 2241 3749 collocat.
2268 3696 2457 3750 nim.

1801 3795 1828 3826 2
1843 3793 1866 3827 1
1880 3813 1893 3826 .
1922 3773 2066 3826 Certe
2091 3775 2374 3828 solitudc'nes
2389 3814 2408 3842 ,
2435 3789 2533 3830 etc.
2558 3770 2724 3828 chiffl.

1713 3849 1836 3906 cod.
1855 3865 1984 3904 certe
2007 3855 2288 3906 solitudines
2301 3893 2318 3918 ,
2346 3868 2404 3906 ue
2430 3874 2578 3927 nuper
2589 3894 2606 3917 ,
2633 3865 2724 3906 etc.

1711 3931 2086 4065 Βιῑεὲῗιιρίιιι
2113 3931 2205 3987 dat
2231 3945 2410 3987 εει-τετυ
2431 3933 2718 3993 solitudines.

1710 4023 1816 4067 etc.
1927 4051 1942 4064 .
