2950 5017
346 446 500 532 408

876 448 955 517 C.
1009 448 1354 519 PLINII
1407 449 1632 517 NAT.
1689 448 1947 517 HIST.

343 576 499 648 tulae
532 602 712 648 nunc
745 580 1044 650 tenent²²
1076 594 1335 674 genteS,
1369 568 1730 649 Baniurae²³
1734 578 2133 674 ,multoque
2159 578 2474 651 validissi-

341 687 434 753 mi
479 677 884 755 Autololes²⁴

932 701 1057 755 .et
1088 686 1327 755 horum
1373 711 1527 782 pars
1577 634 1912 781 quotidam
1954 675 2273 755 Vesuni²⁵
2298 740 2319 773 ‚
2357 688 2472 782 qui

339 790 550 861 avulsi
603 792 705 861 his
751 794 1093 913 propriam
1132 791 1349 862 fecere
1385 807 1682 887 gentem,
1724 792 1898 862 versi
1930 780 2079 861 ad²⁵
2108 793 2472 887 AEthiopas.

240 910 303 961 18
339 899 492 992 Ipsa
551 900 894 992 provincia
907 901 954 941 ³⁷
1016 898 1100 967 ab
1151 901 1406 968 oriente
1455 913 1854 987 montuosa,
1896 897 2027 967 fert
2065 896 2472 993 elephantos.

338 1006 421 1071 In
460 994 723 1073 Abila²⁸
763 1030 1028 1100 quoque
1062 1020 1326 1090 monte,
1365 1020 1432 1074 et
1461 1031 1629 1135 quos
1660 1007 1929 1100 Septem
1953 1004 2003 1043 ²⁹
2036 1003 2273 1075 fratres
2307 1029 2347 1074 a
2387 1006 2474 1075 si·

337 1109 474 1178 mili
503 1109 850 1179 altitudine
884 1110 1262 1206 appellant.
1290 1113 1334 1181 ii
1360 1096 1599 1180 freto³⁰
1628 1112 1976 1180 imminent
1976 1110 2219 1241 juncti
2246 1110 2469 1183 Abilae.

332 1216 438 1284 Ab
475 1202 640 1286 his&
679 1241 798 1286 ora
832 1219 1076 1287 interni
1105 1218 1324 1287 maris.
1357 1217 1637 1287 Flumen
1666 1202 2027 1287 Tamuda³²
2062 1216 2434 1312 navigabile
2453 1271 2473 1306 ,

406 1446 490 1482 aa.
518 1432 664 1480 Nune
679 1441 867 1481 tenent.
895 1424 1231 1481 Provinciam
1254 1427 1356 1479 ob·

335 1508 535 1572 tinent,
560 1508 905 1579 habitantque
926 1544 945 1571 ‚
970 1507 1308 1579 Tingitanum
1337 1523 1352 1559 ε

331 1608 362 1643 e
387 1588 690 1643 Caesariensi
727 1587 1050 1641 Mauritania
1083 1586 1192 1639 huc
1229 1604 1356 1658 pro·

329 1670 497 1723 seete.
513 1668 656 1722 vide
675 1667 766 1721 lib.
794 1668 943 1731 xxl,
965 1685 1082 1738 cap.
1108 1671 1193 1730 45.
1216 1668 1283 1721 Η.

405 1749 488 1804 23.
524 1752 780 1803 Baniurae.
830 1749 909 1800 Ita
959 1746 1356 1800 emendavimus

330 1848 392 1882 ex
412 1831 540 1899 Reg.
567 1848 612 1891 ι,
639 1847 692 1890 a,
709 1826 863 1880 Colb.
883 1847 932 1889 ι,
953 1846 1005 1889 a,
1025 1825 1189 1879 Paris.
1204 1826 1356 1878 Prius

328 1910 548 1959 Banum'
607 1907 896 1979 legebatur.
967 1904 1122 1976 Apud
1185 1904 1357 1959 Ptole·

327 2006 539 2049 moenm,
565 1987 658 2039 lib.
688 1988 790 2049 lv,
812 2002 928 2055 cap.
957 2004 1004 2050 ι,
1033 1990 1356 2037 nmmum

327 2085 430 2139 pro
447 2072 777 2119 ΒΔΜΟΥΡΑῙ
795 2104 812 2130 ,
836 2076 898 2117 ut
921 2062 1142 2135 quidem
1167 2063 1355 2115 merito

327 2146 681 2218 suspicamur.
700 2145 802 2197 En.

401 2234 484 2291 ²4·
511 2228 784 2288 ¹Autololes.
827 2220 1101 2275 Αὖτολάται
1128 2219 1354 2275 Ptolem.

322 2312 418 2365 lib.
451 2306 551 2371 IV,
587 2321 704 2374 cap.
729 2304 791 2367 ὃς
815 2304 1068 2353 Autololes
1107 2300 1356 2359 Lucano,

323 2389 413 2442 lib.
431 2387 531 2448 IV,
553 2402 626 2436 vs.
654 2385 778 2453 677.
810 2380 994 2432 Haut).

399 2466 484 2520 2⁵.
532 2464 735 2516 Vesuui.
781 2461 990 2512 Nesum'.
1027 2459 1156 2529 Reg.
1212 2477 1264 2521 ι,
1304 2476 1353 2521 a,

323 2546 478 2601 colb.
503 2562 554 2606 ι,
577 2562 627 2603 ιι,
655 2552 706 2593 et
719 2539 890 2592 Paris.
917 2537 1102 2590 Ηιιι).

397 2627 481 2677 26.
511 2620 654 2673 Veni
677 2622 751 2670 ad
773 2620 1047 2681 AEckiopas.
1076 2614 1201 2668 Post
1223 2615 1353 2667 Tin-

326 2704 568 2775 gitanam
599 2697 814 2768 positi,
851 2704 1236 2767 vei-gentesque
1281 2693 1352 2747 ad

321 2781 620 2851 AEthiopas.
644 2777 822 2828 Han.

398 2878 482 2931 ²7·
507 2864 621 2925 Ipsa
635 2857 896 2925 provincia
921 2855 989 2904 ab
1009 2854 1194 2905 oriente
1209 2872 1352 2905 mon-

323 2956 483 2993 tuosa.
507 2935 804 3006 Tingitana.
830 2933 1016 2985 Hnm.

397 3020 480 3071 28.
506 3023 564 3068 In
595 3016 758 3066 Abi-la
784 3010 960 3065 Sunt
945 3030 1001 3063 ιιι
1034 3010 1184 3064 Abila
1211 3030 1348 3083 quo-

323 3116 457 3170 que.
495 3093 700 3166 inquit,
735 3091 1034 3162 Tingitana
1062 3102 1244 3143 monte
1269 3110 1349 3143 se-

323 3170 728 3249 ptemtrionali,
773 3181 826 3222 et
872 3169 929 3220 in
971 3168 1033 3222 iis
1074 3169 1349 3222 montibus

324 3274 459 3328 qnos
495 3254 704 3323 Septem
751 3248 940 3301 fratres
985 3260 1208 3310 vocant,
1246 3248 1348 3301 fre-

325 3344 548 3407 quentes
576 3327 880 3400 elephanti:
903 3338 963 3378 ut
979 3325 1033 3378 in
1060 3340 1206 3397 parte
1222 3346 1348 3397 pro·-

325 3413 515 3468 vinciae
563 3428 684 3482 quo
721 3408 790 3460 ab
828 3406 1031 3459 oriente
1069 3418 1348 3461 montuosa

327 3504 420 3546 est.
460 3488 627 3544 solini
647 3486 987 3559 paraphrasis
1028 3504 1076 3537 o.
1115 3504 1254 3549 xxv,
1291 3504 1342 3556 p.

327 3576 416 3637 46,
443 3570 514 3625 de
531 3568 900 3639 Tingitanaw
833 3604 848 3619 .
873 3565 1167 3635 -Exsurgit
1196 3584 1346 3618 mon-

326 3651 466 3705 tibus
509 3662 746 3721 septem,
791 3645 888 3718 qui
934 3663 967 3699 a
1002 3644 1346 3699 similitudine

327 3732 513 3783 fratres
539 3727 817 3801 appellati,
853 3726 990 3779 freto
1022 3725 1341 3779 imminent:

323 3810 382 3864 hi
399 3820 604 3861 montes
619 3804 910 3878 elephantis
921 3805 1344 3877 frequentissimi,

323 3902 425 3943 etc.
444 3916 470 3935 a·
489 3887 664 3941 Habet
685 3884 872 3939 eadem
899 3884 1196 3938 Martianus
1209 3923 1226 3945 ,
1251 3885 1344 3938 lib.

321 3969 428 4032 VI,
445 3986 559 4037 cap.
582 3965 652 4019 de
665 3964 864 4025 Africa,
883 3983 1005 4035 pag.
1024 3968 1142 4018 216.
1164 3964 1344 4029 Quare

318 4046 460 4101 hane
485 4044 792 4109 lectionem,
809 4063 972 4117 quam
997 4042 1209 4097 codices
1227 4063 1342 4098 om-

1437 1434 1535 1479 nes
1548 1424 1933 1480 constabiliunt
1948 1462 1965 1489 ,
1990 1424 2213 1481 flustra'
2196 1442 2472 1501 impugnat

1438 1506 1725 1561 Salmasius
1766 1508 1823 1559 in
1849 1506 2016 1561 Solin.
2055 1524 2111 1577 p.
2152 1507 2272 1562 305.
2313 1510 2467 1563 Abila

1440 1588 1604 1640 altera
1630 1586 1875 1640 Herculis
1898 1586 2147 1639 laborum
2180 1588 2241 1660 in
2262 1588 2469 1653 Africa,

1439 1680 1607 1725 meta,
1642 1667 1817 1739 Calpe
1853 1667 1907 1719 in
1936 1666 2154 1737 Europa
2182 1667 2365 1738 positae
2383 1687 2469 1721 re—

1440 1744 1669 1817 spondet
1696 1764 1710 1798 :
1740 1752 1797 1800 in
1832 1744 2083 1800 extremis
2105 1758 2185 1798 est
2216 1747 2339 1801 freti
2369 1766 2468 1801 an-

1439 1825 1640 1895 gustiis,
1661 1844 1851 1879 versus
1871 1838 2048 1879 ortum
2068 1868 2083 1895 ,
2112 1826 2259 1880 unde
2276 1828 2470 1899 aperiri

1439 1923 1495 1958 se
1532 1923 1679 1958 mare
1705 1905 1971 1960 internum
1989 1948 2004 1972 ,
2031 1927 2127 1963 sen
2154 1906 2468 1960 mediterra-

1439 2002 1599 2036 neum
1626 1982 1829 2055 incipit.
1850 1977 2075 2045 Ᾰὸύληιωι
2086 1987 2275 2040 Strabo
2296 1998 2469 2049 vocat,

1438 2062 1536 2115 lib.
1557 2063 1644 2115 111
1658 2102 1675 2128 ,
1692 2080 1959 2134 pag.:17o.
1980 2065 2051 2119 Η.
2080 2096 2152 2107 -
2172 2065 2296 2117 Vet.
2321 2062 2471 2136 apud

1441 2142 1618 2195 Dalec.
1645 2146 1697 2195 ἰη
1714 2147 1866 2196 Abila
1900 2161 2095 2213 monte,
2118 2160 2170 2198 ee
2198 2147 2258 2197 iis
2273 2163 2470 2213 quoque

1441 2241 1563 2289 quos
1583 2226 1795 2291 «velum,
1822 2234 1924 2276 ete.
1950 2225 2059 2278 En.

1514 2320 1599 2369 ²9-
1630 2307 1697 2353 Ee
1726 2322 1848 2370 quos
1878 2308 2087 2372 Septem.
2126 2292 2470 2370 Ἑπτιδιλφοὺς

1439 2379 1753 2435 Ptolemaeus
1797 2382 1996 2453 pariter
2032 2393 2185 2436 vocat
2203 2420 2220 2445 ,
2247 2382 2339 2434 lib.
2370 2381 2468 2448 lv,

1439 2476 1558 2531 cap.
1585 2479 1629 2512 1.
1652 2460 1813 2523 Mela,
1840 2462 1933 2515 lib.
1961 2464 2008 2526 1,
2037 2480 2155 2533 cap.
2184 2460 2214 2515 5
2238 2479 2253 2512 ε
2275 2460 2467 2513 -Mon-

1436 2549 1517 2592 tes
1540 2551 1668 2595 sunt
1706 2541 1841 2605 alti,
1880 2542 1973 2613 qni
2010 2540 2375 2601 continenter,
2414 2550 2467 2591 et

1436 2620 1589 2689 quasi
1617 2617 1685 2671 de
1710 2617 1972 2674 industria
2006 2620 2067 2671 in
2102 2618 2349 2673 ordinem
2374 2636 2466 2671 ex·-

1435 2698 1624 2767 positi,
1650 2699 1723 2750 ob
1748 2716 2070 2762 numerum,
2104 2710 2309 2769 septem
2338 2714 2353 2749 ε
2392 2697 2465 2750 01)

1436 2776 1835 2831 similitudinem
1855 2817 1872 2845 ,
1927 2778 2114 2831 fratres
2151 2788 2425 2830 vocantur.
2440 2800 2467 2821 v·

1435 2853 1615 2909 ΗΑιιι).
1634 2887 1703 2897 -
1723 2856 1931 2927 Septem
1948 2858 2135 2910 fratres
2148 2868 2355 2911 montes
2374 2874 2466 2909 eos

1432 2954 1546 2989 esse
1582 2948 1733 3006 putat
1761 2936 2068 2995 n’Anvxun
2092 2954 2225 3003 quos
2264 2936 2467 2989 Arabes

1436 3019 1592 3067 Gebel
1626 3020 1800 3066 Mensa
1824 3013 2095 3067 dixerunt.
2116 3014 2213 3074 En.

1506 3094 1595 3147 30.
1624 3096 1673 3144 11‘
1677 3096 1820 3162 freto
1840 3097 2097 3145 immiroene
2098 3096 2263 3161 juncti
2280 3097 2459 3149 Abila.

1431 3172 1611 3227 Chiffl.
1634 3176 1671 3224 ii
1693 3176 1819 3237 freto
1850 3175 2131 3225 isnminemi
2148 3175 2321 3241 juncti
2344 3178 2463 3227 Abi-

1432 3258 1515 3307 Ioe.
1541 3254 1644 3306 En.

1505 3332 1591 3387 31.
1616 3336 1696 3383 Ab
1727 3334 1817 3386 his.
1858 3332 1986 3387 Post
2008 3332 2224 3405 Septem
2266 3332 2461 3390 fratres

1430 3410 1749 3482 Abilamque
1766 3424 2021 3476 montem,
2043 3412 2157 3484 jam
2182 3412 2459 3468 internum

1431 3509 1525 3546 seu
1548 3489 1990 3545 mediterraneum
2006 3530 2023 3553 ,
2062 3492 2185 3544 freti
2208 3494 2461 3563 angustiis

1431 3588 1577 3641 pone
1621 3569 1839 3635 relictis,
1873 3569 2091 3625 liberius
2134 3572 2461 3642 exspatiatur

1433 3668 1631 3720 equor.
1658 3650 1821 3703 Ceuta
1860 3650 2004 3704 enim
2038 3662 2091 3703 et
2130 3653 2303 3715 Abila,
2330 3663 2462 3706 teste

1431 3728 1695 3781 Strabone
1725 3730 1820 3782 lib.
1842 3732 1945 3793 111,
1963 3750 2017 3803 p.
2046 3732 2165 3799 139,
2190 3732 2459 3785 internum

1432 3826 1578 3860 mare
1612 3808 1683 3860 ab
1706 3810 1973 3863 Atlantico
2006 3810 2332 3864 discernunt.
2359 3815 2461 3866 De-

1429 3884 1557 3941 inde
1594 3889 1830 3942 occurrit
1876 3890 1937 3942 in
1973 3890 2090 3962 ipsa
2128 3908 2227 3943 ora
2256 3889 2457 3945 flumen

1427 3966 1697 4030 Tamuda,
1728 3980 1829 4022 ete.
1849 3969 2037 4022 Ηιιιι).
2056 3982 2109 4023 et
2128 3971 2235 4021 En.

1505 4046 1591 4099 32.
1632 4050 1870 4102 Tamuda.
1894 4048 1983 4105 Sic
2006 4048 2147 4102 Mela
2164 4084 2181 4112 ,
2208 4049 2329 4102 loco
2364 4048 2453 4103 cit.
