2950 5017
575 581 885 626 mensura
921 546 1434 642 currat‚xvni'⁴
1457 579 1645 626 Lxxv
1670 553 1831 624 mill.
1862 579 2199 650 passuum.
2220 555 2517 654 Apparet
2548 583 2707 656 ergo

578 668 914 759 Europam
940 660 1141 758 paulo
1169 663 1386 732 minus
1414 661 1689 731 dimidia
1708 661 1879 730 Asiae
1906 678 2097 756 parte
2128 664 2451 757 majorem
2462 655 2513 694 ²⁵
2533 691 2704 752 esse,

503 779 536 834 5
571 793 774 864 quam
801 770 1046 840 Asiam.
1083 768 1408 838 Eamdem
1437 767 1653 838 altero
1680 781 1869 838 tanto
1888 784 1959 838 et
1990 783 2177 840 sexta
2210 785 2405 864 parte
2434 771 2704 858 Africae,

571 875 960 971 ampliorem
1012 899 1216 970 quam
1263 874 1583 944 Africam.
1634 873 1839 964 Quod
1892 877 1949 944 si
2006 877 2417 946 misceantur
2478 903 2705 948 omnes

569 1006 890 1069 summai,
946 978 1196 1076 liquido
1243 980 1501 1074 patebit
1544 983 1886 1075 Europam
1942 984 2147 1051 totius
2197 996 2393 1053 terrae
2446 986 2704 1054 tertiam

569 1113 713 1158 esse
748 1102 1008 1183 partem
1035 1103 1104 1158 et
1127 1101 1436 1158 octavam
1457 1085 1667 1183 paulo,
1686 1084 2015 1181 amplius:
2048 1090 2275 1160 Asiam
2309 1112 2477 1158 vero
2506 1115 2703 1185 quar·

569 1209 706 1264 tam
742 1208 810 1263 et
850 1191 1485 1289 quartamdecimam
1508 1247 1533 1280 ‚
1564 1191 1861 1264 Africam
1896 1207 2123 1264 autem
2156 1196 2463 1289 quintam
2504 1211 2576 1266 et
2608 1197 2705 1265 in-

569 1325 770 1396 super
801 1301 1298 1395 sexagesimam.

504 1441 526 1475 1
675 1409 1003 1478 XXXIX.
1045 1408 1167 1494 His
1217 1405 1539 1476 addemus
1578 1407 1946 1476 etiamnum
1975 1427 2177 1473 unam
2206 1429 2441 1500 graeoe
2476 1407 2705 1478 inven-

569 1515 770 1584 tionis
817 1515 1212 1584 sententiam
1259 1510 1364 1582 vel
1403 1511 1929 1606 exquisitissimae
1980 1509 2388 1599 subtilitatis,
2424 1527 2507 1582 ut
2548 1511 2705 1584 nihil

568 1619 734 1690 desit
761 1620 831 1690 in
867 1618 1229 1714 spectando
1259 1632 1587 1689 terrarum
1630 1619 1761 1686 situ
1800 1643 1817 1686 τ
1846 1616 2281 1711 indicatisque
2324 1619 2705 1714 regionibus

567 1739 916 1813 noscatur,
954 1739 1024 1796 et
1066 1750 1222 1795 eum
1240 1721 1258 1747 ¹
1318 1747 1454 1818 qua
1496 1724 1737 1819 cuique
1780 1747 2011 1793 earum
2066 1725 2347 1793 societas
2390 1727 2519 1812 sit,
2574 1727 2711 1796 sive

567 1833 880 1927 cognatio
923 1831 1184 1900 dierum
1223 1854 1302 1900 ac
1343 1830 1643 1899 noctium
1666 1875 1687 1913 ,
1755 1830 2131 1924 quibusque
2172 1830 2345 1900 inter
2398 1855 2473 1900 se
2524 1857 2711 1926 pares

567 1938 824 2008 umbrae
871 1950 941 2006 et
993 1961 1184 2030 aequa
1238 1935 1473 2006 mundi
1518 1937 1919 2005 convexitas.
1976 1939 2161 2030 Ergo
2212 1935 2533 2006 reddetur
2586 1938 2713 2008 hoc

567 2045 770 2114 etiam
794 2097 814 2132 ,
867 2058 1194 2137 terraeque
1247 2044 1574 2112 universae
1597 2041 1615 2066 ²
1668 2043 1738 2110 in
1780 2041 2083 2110 membra
2120 2039 2259 2111 caeli
2304 2041 2711 2138 digerentur.

568 2149 772 2218 Plura
809 2165 966 2219 sunt
1005 2163 1232 2218 autem
1272 2148 1418 2218 haec
1455 2172 1527 2216 se
1644 2161 1800 2217 enta
1836 2147 2073 2217 mundi
2091 2201 2113 2235 ‚
2148 2172 2297 2242 quoe
2330 2151 2547 2220 nostri
2590 2152 2710 2220 eir·

1122 425 1202 493 c.
1245 421 1583 494 pmml
1634 422 1855 494 NAT.
1904 423 2163 532 nlsT.

569 2256 758 2326 culos
793 2254 1215 2350 appellavere
1228 2308 1250 2341 ,
1286 2255 1509 2325 Graeci
1582 2251 1953 2348 parallelos.

673 2350 980 2453 (xxxiv.)
999 2361 1402 2456 Principium
1417 2347 1442 2392 ⁴
1463 2360 1671 2430 habet
1682 2359 1890 2429 Indiae
1902 2383 2058 2455 pars
2076 2383 2271 2430 versa
2284 2359 2373 2430 ad
2396 2375 2709 2432 austrum.

655 2612 748 2672 ²4·
779 2608 960 2654 XVIII
975 2598 1212 2658 LXXV.
1233 2602 1422 2658 Decies
1436 2602 1602 2658 octies

570 2697 788 2740 centena
805 2723 822 2749 ‚
848 2695 904 2736 et
911 2703 1067 2764 ἒξ]
1095 2683 1263 2736 millia
1287 2701 1420 2753 pane.
1449 2683 1597 2736 Mar·

570 2766 745 2820 tienne
756 2764 886 2836 legit
907 2781 1050 2816 xvm
1065 2769 1194 2828 ,κη’
1209 2760 1301 2816 sed
1316 2762 1597 2816 manifesto

571 2863 772 2898 errore.
795 2844 932 2896 Nam
955 2843 1022 2896 ab
1041 2842 1350 2912 AEthiopico
1371 2841 1507 2894 mari
1529 2839 1599 2894 ad

570 2924 796 2978 Meroen
823 2941 998 2976 mxxv
1014 2922 1149 2976 mill.
1177 2939 1426 2993 passuum
1457 2939 1599 2986 esse,

573 3005 716 3058 inter
791 3015 1035 3056 auctores
1113 3001 1226 3056 fere
1307 3001 1602 3054 convenire

573 3082 711 3136 dixit
723 3121 744 3148 ‚
757 3099 877 3152 cap.
889 3082 920 3134 3
931 3081 961 3135 5
981 3098 999 3147 ς
1022 3100 1051 3133 a
1065 3081 1248 3134 Meroe
1261 3079 1470 3152 Syenen
1492 3097 1603 3138 esse

573 3160 909 3216 tantumdem
947 3160 1108 3232 spatii
1148 3179 1214 3213 ex
1257 3159 1604 3214 Eratosthene

572 3241 892 3312 jamdudum
904 3239 1120 3294 monuit
1133 3240 1252 3304 ,lib.
1265 3239 1324 3292 11
1336 3278 1353 3306 ,
1373 3257 1491 3311 cap.
1508 3257 1541 3308 7
1550 3237 1606 3305 5,

577 3335 733 3394 atque
755 3322 872 3374 ‘hoc
919 3318 1040 3390 ipso
1073 3319 1249 3386 libro,
1287 3336 1404 3389 cap.
1439 3317 1541 3383 353
1571 3336 1605 3373 a

576 3401 752 3473 Syene
805 3397 1040 3470 denique
1087 3397 1470 3454 Alexandriam
1534 3417 1601 3450 ex

574 3480 770 3536 eodem
789 3478 1140 3534 Eratosthene
1169 3497 1269 3549 par
1293 3497 1403 3532 ease
1439 3477 1605 3532 inter·

580 3561 778 3614 vallum
795 3599 810 3621 ,
839 3570 998 3630 atque
1015 3577 1048 3612 a
1069 3559 1242 3630 Syene
1267 3557 1338 3612 ad
1350 3557 1569 3610 Meroen
1582 3593 1601 3622 ‚

583 3641 776 3694 Strabo
794 3651 1092 3701 estauctor,
1108 3637 1202 3690 lib.
1215 3639 1272 3690 11
1289 3671 1308 3698 ‚
1330 3657 1450 3709 pag.
1475 3655 1497 3689 1
1516 3655 1538 3688 1
1552 3642 1604 3700 4.

585 3720 722 3785 Qun
735 3719 928 3790 triplex
947 3735 1153 3771 summa
1174 3735 1476 3772 mensuram
1496 3715 1607 3769 Pli-

585 3801 804 3853 niana'm
845 3799 1066 3850 omnino
1095 3794 1354 3868 adaquat.
1395 3796 1609 3850 Latitu-

584 3877 766 3932 dinem
790 3895 957 3950 porro
978 3877 1116 3930 hane
1145 3877 1280 3930 Asin
1309 3874 1607 3948 adjudicat,

1768 2599 1861 2656 πᾶ.
1932 2601 2173 2672 majore·-
2224 2622 2342 2656 ωε.
2406 2605 2715 2658 Aeeta-ati-

1686 2681 1847 2752 paulo
1863 2679 1935 2734 de
1945 2683 2181 2752 partium
2196 2683 2343 2736 orbis
2353 2683 2715 2754 magnitudine

1684 2761 1853 2816 locuti
1868 2761 2192 2816 recentiores
2208 2762 2521 2836 Geographi
2544 2783 2561 2818 ε
2584 2781 2711 2836 qao·

1686 2851 1749 2894 tu
1766 2840 2005 2896 eonsule-
2022 2839 2199 2894 Eun.

1766 2919 2032 2973 xxxlx.
2067 2938 2119 2974 ι.
2144 2921 2223 2974 Ee
2256 2940 2367 2973 cu·
2410 2941 2511 2993 qm
2555 2927 2713 2995 cuiq·

1689 3018 1854 3052 earum
1872 3003 2074 3052 societas
2098 3002 2181 3053 sse.
2210 2999 2395 3054 Chim.
2416 3013 2467 3052 et
2488 3022 2597 3056 σιω
2624 3021 2711 3073 qm

1692 3082 1863 3152 cuique
1882 3082 2087 3132 sochus
2106 3083 2191 3132 sit.
2212 3079 2394 3134 Dalee.
2414 3092 2467 3132 ee
2484 3101 2596 3153 qun
2614 3084 2710 3134 eui-

1690 3179 1781 3230 que
1804 3177 1969 3212 eam
1990 3163 2195 3212 societas
2218 3162 2301 3214 sit.
2326 3156 2439 3214 En.

1775 3257 1827 3292 a.
1880 3239 2137 3312 Terraque
2172 3241 2426 3293 aniverso.
2444 3279 2461 3293 .
2485 3279 2503 3293 .
2522 3279 2540 3292 .
2576 3240 2709 3310 dige-

1690 3330 1872 3370 rentur.
1899 3318 2081 3372 Dalee.
2120 3329 2339 3390 een-aque
2372 3323 2613 3374 minem
2630 3358 2674 3372 ..
2694 3358 2709 3368 .

1687 3397 1950 3467 digeretur.
1970 3395 2075 3449 En.

1772 3475 1827 3530 3.
1864 3476 2037 3532 Graes·
2056 3476 2345 3548 pat-allelu.
2390 3479 2475 3532 De
2506 3478 2591 3532 hin
2622 3497 2711 3550 pa·

1690 3555 1888 3610 rallelis
1907 3595 1924 3622 ,
1964 3556 2063 3611 lib.
2098 3555 2183 3622 11,
2212 3574 2333 3627 pag.
2360 3575 2387 3610 r
2403 3555 2505 3622 15,
2531 3571 2585 3612 et
2608 3577 2713 3628 aeq.

1691 3635 2044 3702 ptolemeus,
2070 3635 2281 3708 Almag.
2300 3636 2399 3690 lib.
2420 3637 2508 3702 11,
2527 3655 2644 3708 cap.
2658 3641 2710 3688 6.

1693 3713 1881 3770 Ham).

1776 3801 1831 3860 ⁴·
1902 3794 2217 3865 Prima-ipsun.
2287 3793 2393 3848 nie
2440 3795 2715 3866 parallelae

1694 3893 1797 3946 per
1822 3873 2227 3940 Alexandriam,
2270 3873 2581 3944 περέλλιλος
2626 3870 2711 3926 διὰ

587 3958 840 4029 quoniam
855 3957 1052 4010 abAsia
1065 3956 1298 4010 Africam
1314 3957 1440 4010 Nilo
1451 3974 1611 4011 amne
1696 3945 2051 4025 Ᾰλιξανδριίας
2066 3955 2134 4008 ab
2143 3954 2391 4025 Antiquia
2400 3955 2709 4008 vocabatur:

589 4037 948 4091 disterminati
979 4049 1180 4090 censet·
1196 4037 1380 4091 liano.

1698 4034 1785 4089 vel
1810 4030 1901 4090 διὰ
1924 4035 2093 4107 κόρας
2122 4026 2499 4104 Ᾰλιξινδρείις.
2528 4035 2597 4086 11.
