2950 5017
1001 424 1560 494 ExcURsth
1624 428 1677 493 1.
2264 416 2404 515 763

271 543 378 605 cis,
415 541 621 595 Plinius
667 541 986 614 singularem
1031 555 1279 596 meretur.
1323 543 1533 597 Etenim
1569 545 1646 599 sic
1686 563 1745 598 se
1786 561 1871 598 res
1912 543 2088 596 habet.
2130 541 2407 592 Annorum

273 629 715 704 AEgyptiacorum
737 650 800 685 ea
817 631 1055 686 conditio
1079 643 1157 686 est
1173 669 1192 697 ,
1217 643 1278 686 ut
1303 645 1493 705 quarto
1518 653 1733 706 quoque
1759 643 1997 688 vertente
2014 669 2030 695 ,
2078 641 2243 703 caput
2278 628 2405 681 anni

271 731 416 772 retro
442 720 598 774 abeat
615 760 632 787 ,
673 732 726 774 et
745 740 915 774 unum
943 722 1192 794 anticipet
1221 722 1401 776 diem:
1435 742 1499 776 ac
1523 723 1739 777 demum
1764 735 1881 796 post
1904 725 2039 784 1460
2059 719 2299 773 Julianos
2322 735 2413 769 an-

273 827 407 872 nos,
443 808 530 862 vel
563 811 694 874 1461
725 810 1096 882 AEgyptiacos,
1123 810 1191 864 ad
1217 810 1491 880 eumdem,
1524 812 1673 867 unde
1708 827 1821 866 erat
1854 811 2121 884 profecta,
2154 805 2295 860 diem
2316 806 2413 858 Ju-

271 895 406 948 liani
432 897 626 951 mensis
654 897 931 952 neomenia
955 897 1154 952 redeat.
1193 899 1442 971 Exempli
1480 901 1646 974 gratia
1670 917 1685 954 ε
1730 900 1940 972 primus
1969 897 2085 951 dies
2116 893 2304 948 Thoth
2331 892 2409 960 (is

275 984 484 1057 primns
512 998 591 1038 est
623 986 1002 1059 AEgyptiorum
1029 986 1254 1057 mensis)
1284 988 1503 1059 incipiat
1524 989 1629 1044 hoe
1650 1008 1791 1042 anno
1806 986 2045 1042 kalendis
2065 981 2411 1056 septembris,

271 1083 396 1144 post
420 1091 588 1126 annos
611 1084 844 1145 quatuor
869 1072 1085 1146 incipiet
1115 1073 1180 1128 31
1217 1077 1478 1148 Augusti:
1506 1089 1627 1149 post
1656 1088 1777 1131 oeto
1798 1115 1815 1142 ,
1851 1075 2075 1148 Augusti
2114 1073 2207 1134 30,
2234 1069 2406 1124 donec

275 1179 424 1213 anno
470 1159 604 1232 1457
639 1161 916 1234 perveniat
955 1162 1025 1216 ad
1070 1182 1099 1218 2
1140 1165 1481 1235 septembris,
1525 1185 1668 1219 anno
1708 1185 1838 1220 vero
1882 1169 2011 1230 1461
2056 1163 2114 1216 in
2152 1157 2409 1214 kalendas

273 1249 598 1320 septembres
621 1267 806 1302 rursus
825 1248 1094 1316 incurrat,
1122 1250 1342 1322 expletis
1362 1253 1515 1308 annis
1538 1254 1571 1306 J
1574 1253 1760 1307 ulianis
1786 1257 1921 1318 1460
1938 1292 1954 1319 ,
1982 1251 2079 1324 qui
2098 1261 2222 1304 sunt
2243 1250 2407 1318 ΖΕΒ-γ-

275 1335 438 1409 ptiaci
462 1339 592 1399 1461
617 1336 910 1409 completi:
953 1355 1072 1406 quo
1105 1335 1358 1408 periodus
1392 1339 1667 1394 Sosthiaca
1698 1340 1912 1394 dicitur.
1956 1338 2094 1390 Hine
2121 1353 2293 1389 annus
2318 1331 2409 1385 ille

277 1443 448 1496 vagus
466 1425 726 1497 appellari
747 1425 1032 1479 consuevit.
1061 1425 1529 1492 Quemadmodum
1562 1447 1692 1482 vero
1722 1428 1969 1482 Julianus
1998 1443 2168 1478 annus
2192 1421 2415 1484 diversis

278 1514 350 1566 ab
375 1511 608 1566 exordiis
634 1512 892 1576 sumitur,
926 1511 1070 1565 velut
1111 1531 1142 1566 a
1181 1513 1369 1567 mundi
1405 1515 1658 1581 conditu,
1690 1529 1785 1570 aut
1823 1534 1855 1569 a
1882 1514 2079 1570 Christi
2115 1510 2301 1576 natali;
2338 1510 2416 1564 sic

281 1601 630 1674 AEgyptiacus
653 1612 704 1654 et
730 1619 895 1672 vagus
915 1601 1012 1654 iste
1031 1600 1201 1655 varias
1221 1601 1417 1656 habere
1437 1616 1616 1675 potest
1635 1605 1885 1676 epochas.
1920 1605 2165 1670 Quarum
2190 1599 2421 1653 celeber-

279 1691 418 1742 rima
442 1699 551 1755 est,
585 1701 637 1742 et
663 1689 732 1741 ab
757 1688 1078 1742 astronomis
1104 1703 1354 1762 usurpata
1387 1692 1657 1745 veteribus
1693 1685 1794 1746 aera
1828 1690 2185 1745 Nabonassari
2206 1727 2221 1752 ,
2257 1705 2416 1760 quam

279 1777 518 1850 AEgyptii
543 1795 572 1830 a
600 1775 906 1850 Babyloniis
933 1792 1263 1849 acceperunt.
1289 1777 1413 1832 Fuit
1447 1781 1589 1834 enim
1621 1781 2025 1834 Nabonassarus
2048 1777 2419 1832 Chaldaeorum

281 1883 410 1919 rex:
451 1865 520 1918 ab
566 1868 718 1938 cujus
759 1865 1052 1938 primordio
1097 1866 1378 1938 Babylonii
1413 1887 1613 1922 novam
1655 1888 1812 1922 aeram
1858 1869 2227 1931 instituerunt,
2268 1865 2423 1933 cujus

282 1952 558 2008 exordium
585 1952 728 2007 cadit
743 1953 798 2006 in
823 1972 1021 2006 annum
1043 1955 1254 2025 periodi
1279 1955 1506 2010 Julianae
1531 1957 1693 2028 3967,
1718 1957 1972 2011 februarii
1996 1955 2059 2010 25
2079 1995 2096 2022 ,
2118 1966 2242 2009 ante
2265 1951 2422 2007 Chri·

282 2055 424 2096 stum
451 2049 572 2113 747.
609 2043 688 2094 Ita
734 2041 846 2094 fere
880 2041 1154 2106 Petavius,
1185 2054 1336 2114 parte
1362 2045 1417 2096 11
1444 2045 1651 2098 Ration.
1670 2045 1863 2117 Temp.
1898 2046 1954 2111 1,
1997 2063 2059 2097 1²
2078 2083 2093 2108 ,
2121 2041 2217 2115 qui
2252 2057 2421 2112 quum

282 2133 502 2185 Canone
529 2149 556 2183 1
587 2129 796 2202 colligat
817 2131 1150 2184 neomeniam
1174 2131 1356 2184 Thoth
1384 2151 1525 2185 anno
1563 2132 1767 2204 periodi
1804 2134 2025 2186 Julianae
2062 2139 2197 2202 47η
2235 2128 2425 2182 cadere

283 2220 342 2272 in
370 2217 512 2271 diem
535 2225 599 2282 ²4
626 2217 876 2289 Augusti3
911 2237 976 2270 ex
1007 2235 1071 2270 eo
1096 2217 1316 2289 perinde
1341 2238 1439 2272 nos
1465 2220 1750 2284 efficimus,
1789 2240 1931 2274 anno
1956 2219 2197 2293 ejusdem
2222 2215 2430 2290 periodi

283 2309 320 2360 J
325 2307 512 2360 ulianae
535 2313 700 2376 4790,
742 2306 836 2376 qni
870 2325 1040 2358 annus
1073 2319 1154 2359 est
1179 2307 1341 2360 Urbis
1368 2307 1601 2362 conditae
1629 2327 1910 2376 ncccxxx,
1941 2327 2052 2380 quo
2084 2306 2285 2361 Plinius
2306 2304 2423 2357 haec

283 2395 577 2461 scrihebat,
599 2392 793 2446 mensis
814 2391 993 2447 Thoth
1014 2396 1350 2448 neomeniam
1369 2396 1623 2451 incidisse
1640 2397 1696 2449 in
1724 2396 1866 2450 diem
1896 2415 1928 2467 7
1948 2395 2192 2468 Augusti.
2214 2392 2425 2447 Deinde

285 2503 350 2539 ex
371 2481 612 2558 ejusdem
631 2482 829 2536 Petavii
856 2482 1074 2536 Canone
1093 2489 1125 2547 4
1153 2483 1414 2541 efficimus
1445 2485 1564 2558 ejus
1599 2485 1724 2538 anni
1747 2485 2079 2539 neomeniam
2096 2483 2236 2556 Tybi
2265 2482 2429 2536 fuisse

289 2572 377 2626 die
404 2571 434 2625 5
465 2571 764 2642 decembris
789 2591 802 2622 ε
839 2569 1094 2624 Mechiris
1113 2609 1130 2634 ,
1172 2578 1202 2635 4
1229 2573 1477 2645 januarii.
1504 2574 1867 2640 Quamobrem
1902 2585 2047 2627 recte
2076 2593 2138 2626 ac
2165 2570 2431 2624 subtiliter

285 2680 354 2715 ex
381 2659 500 2730 lege
527 2658 802 2730 popularis
819 2657 964 2710 illius
988 2669 1040 2710 et
1058 2659 1176 2730 vagi
1197 2660 1569 2732 AEgyptiorum
1592 2662 1717 2714 anni
1740 2662 1941 2714 Plinius
1964 2661 2427 2730 scripsit‚«mense

288 2747 547 2820 Egyptio
574 2747 716 2820 Tybi
755 2747 1041 2820 incipiente
1057 2785 1072 2811 ,
1098 2760 1282 2801 nostro
1317 2735 1589 2806 decembri
1611 2771 1627 2802 ε
1654 2763 1747 2804 aut
1773 2751 1967 2822 utique
1995 2749 2246 2803 Mechiris
2267 2752 2428 2820 AEgy-

285 2837 389 2911 ptii
408 2836 546 2890 intra
571 2835 713 2889 diem
736 2847 976 2900 sextum,
1007 2836 1153 2908 quod
1179 2837 1242 2891 fit
1273 2837 1410 2890 intra
1445 2837 1569 2904 idus
1602 2838 1874 2910 januarias
1921 2850 2147 2892 nostras.
2170 2865 2197 2884 n
2244 2839 2431 2908 Neque

290 2943 380 2978 me
401 2925 540 2996 fugit
558 2923 864 2996 Egyptios,
889 2924 1128 2977 Antonio
1153 2938 1206 2977 et
1233 2925 1511 2996 Cleopatra
1538 2925 1789 2989 sublatis,
1814 2945 1921 2979 una
1948 2945 2071 2980 cum
2094 2928 2225 2998 jugo
2250 2926 2437 2978 Roma-

291 3026 486 3068 norum
501 3051 518 3078 ,
537 3013 697 3067 etiam
717 3031 910 3065 eorum
937 3031 1141 3066 annum
1162 3013 1424 3086 accepisse
1445 3031 1460 3067 ε
1490 3013 1637 3066 hunc
1654 3027 1831 3068 tamen
1852 3015 2219 3087 quinquennio
2233 3055 2249 3081 ,
2271 3031 2435 3085 quam

295 3102 468 3166 illud,
513 3101 814 3174 posterius:
853 3101 921 3154 ab
957 3100 1051 3153 illo
1084 3111 1326 3174 tempore
1360 3102 1615 3174 deinceps
1652 3103 1837 3175 vagari
1876 3103 2193 3175 popularem
2226 3101 2439 3154 illorum

295 3209 498 3245 annum
523 3189 772 3254 desiisse3
808 3201 860 3243 et
891 3188 1304 3242 intercalationis
1339 3189 1504 3243 froeno
1530 3203 1837 3245 revocatum
1874 3209 1989 3245 esse
2008 3201 2200 3262 quarto
2224 3206 2443 3261 quoque

295 3297 439 3332 anno
473 3277 751 3350 pristinam
786 3277 844 3330 in
885 3275 1084 3330 sedem.
1115 3277 1321 3330 Verum
1353 3289 1445 3331 eut
1477 3277 1641 3336 istum
1674 3297 1881 3336 morem
1910 3278 2153 3332 nondum
2190 3295 2303 3331 sevo
2341 3295 2439 3328 suo

291 3367 414 3438 lege
435 3365 540 3420 lata
568 3365 811 3419 universe
844 3377 1124 3438 receptum
1163 3364 1368 3426 Plinius
1399 3366 1691 3432 intellexit,
1720 3380 1812 3421 aut
1836 3367 2001 3423 veteri
2029 3366 2271 3419 instituto
2298 3377 2443 3418 stan-

295 3453 428 3507 dum
454 3451 800 3504 nihilominus
827 3451 1116 3506 arbitratus
1143 3463 1220 3504 est
1237 3489 1254 3516 ,
1293 3471 1323 3505 a
1350 3471 1460 3524 quo
1484 3453 1759 3525 peritiores
1780 3453 2140 3508 mathematici
2161 3469 2441 3522 nunquam

295 3535 681 3596 discedendum
712 3551 1039 3612 putaverunt
1071 3558 1087 3592 :
1133 3539 1284 3612 quod
1318 3553 1368 3594 et
1404 3540 1735 3595 subtiliorem
1761 3541 2045 3614 quamdam
2073 3540 2445 3597 astronomica>

298 3628 596 3701 disciplina
633 3627 906 3682 scientiam
943 3640 1201 3699 argueret.
1251 3627 1533 3681 Rationem
1570 3629 1731 3682 aliam
1772 3631 2142 3704 AEgyptiorum
2186 3627 2453 3682 mensium

301 3717 482 3779 affert,
511 3735 580 3769 ex
603 3713 768 3778 Beda,
789 3714 1118 3787 explicatque
1143 3714 1467 3788 Rosweydns
1496 3728 1677 3770 noster
1711 3716 1765 3770 in
1792 3716 2166 3784 Onomastico,
2205 3714 2274 3769 ad
2300 3715 2441 3772 vitas

299 3805 516 3859 Patrum
539 3843 555 3869 ,
591 3821 718 3876 pag.
749 3803 884 3872 1039
904 3815 960 3858 et
989 3809 1122 3866 1040
1141 3843 1158 3870 ,
1185 3822 1346 3876 quem
1371 3805 1609 3858 consule.

1089 3997 1174 4003 --—
1209 3983 1663 4013 w—
