2950 5017
1254 436 1571 503 LIBER
1620 434 1705 502 V.
2237 448 2249 455 “
2412 436 2555 522 465

415 571 620 666 Syriae
661 566 952 639 confinia
973 568 1272 661 attingit,
1308 590 1434 635 nec
1461 566 1585 637 nisi
1610 565 1807 635 Casio
1840 549 2104 634 monte⁶
2138 565 2397 638 nobilis.
2433 572 2557 640 His

414 677 666 747 Arabes
703 674 1114 769 junguntur,
1153 672 1240 741 ab
1279 674 1533 742 oriente
1579 668 1934 742 Canchlei⁷
1954 724 1975 759 ‚
2020 696 2062 739 a
2104 674 2377 743 meridie
2422 678 2555 746 Ce-

414 768 596 851 drei⁸
601 836 621 870 ‚
651 783 764 877 qui
791 780 1031 850 deinde
1061 778 1260 848 ambo
1291 775 1689 847 Nabataeis&
1720 775 2318 871 Heroopoliticus¹⁰
2356 806 2555 851 voca·
2594 825 2622 858 2

413 903 556 977 tur,
597 886 894 1007 alterque
931 882 1313 955 AElaniticus
1354 886 1539 955 sinus
1580 883 1795 953 Rubri
1856 885 2059 953 maris
2094 885 2163 953 in
2196 886 2557 981 AEgyptum

413 994 778 1089 vergentis,
822 1016 909 1063 οι,
949 988 1173 1061 miu.¹¹
1233 1015 1405 1086 paSS.
1451 986 1800 1069 intervallo
1851 992 2025 1059 inter
2078 991 2213 1061 duo
2271 994 2517 1089 oppida
2537 1048 2558 1081 ,

413 1098 682 1188 AElana,
717 1114 786 1169 et
817 1100 888 1167 in
929 1111 1159 1167 nostro
1193 1098 1364 1166 mari
1405 1098 1678 1167 Gazam.
1716 1096 2013 1190 Agrippa
2054 1120 2095 1165 a
2136 1095 2397 1169 Pelusio
2430 1102 2557 1169 Ar-

413 1202 710 1276 sinoen¹²
734 1204 950 1275 Rubri
981 1205 1185 1273 maris
1211 1202 1570 1297 oppidum,
1600 1226 1723 1296 per
1754 1201 2015 1271 deserta
2052 1225 2244 1273 cxxv
2287 1227 2367 1275 Μ.
2406 1229 2557 1301 pas·

410 1335 606 1381 suum
647 1311 852 1381 tradit
891 1336 908 1379 x
947 1324 1085 1379 tam
1127 1333 1340 1405 parvo
1377 1307 1579 1377 distat
1632 1307 1725 1377 ibi
1782 1320 1967 1377 tanta
2020 1334 2245 1379 rerum
2276 1326 2561 1384 naturae

411 1416 777 1488 diversitas.

513 1524 714 1593 XIII.
745 1511 958 1615 (ιιι.)
999 1525 1201 1591 Juxta
1233 1518 1452 1616 Syria¹
1488 1519 1673 1590 littus
1702 1534 2027 1615 occupat,
2064 1522 2402 1616 quondam
2430 1538 2555 1593 ter·
2598 1565 2623 1601 ι

410 1652 640 1698 rarum
684 1631 1012 1710 maxima,
1035 1642 1104 1697 et
1133 1626 1438 1723 pluribus
1477 1624 1791 1696 distincta
1826 1626 2223 1697 nominibus.
2245 1629 2557 1724 Namque

407 1732 754 1805 Palaestina
797 1735 1203 1815 vocabatur,
1248 1757 1380 1828 qua
1429 1732 1760 1827 contingit
1811 1730 2127 1823 Arabasss
2176 1747 2245 1802 et
2291 1737 2332 1803 J
2334 1735 2556 1823 udaea

407 1854 478 1909 et
513 1826 738 1910 Coele³
751 1892 772 1926 ,
824 1827 1018 1909 dein⁴
1052 1839 1415 1909 Phoenice.
1448 1853 1519 1907 et
1553 1862 1687 1933 qua
1727 1835 1979 1907 recedit
2034 1840 2252 1926 intuS,
2294 1843 2555 1911 Dama-

409 1970 662 2077 scenas:
700 1970 780 2017 ae
821 1948 1033 2041 magis
1075 1947 1438 2015 etiamnum
1475 1941 1874 2029 meridiana,
1916 1944 2295 2039 Babylonia.
2320 1950 2408 2017 Et
2435 1972 2555 2017 ea-

408 2037 606 2121 dem⁵
647 2052 1135 2147 Mesopotamia
1177 2054 1349 2121 inter
1390 2050 1810 2160 Euphratem
1863 2062 1932 2119 et
1972 2052 2253 2145 Tigrin.
2290 2076 2554 2149 quaque

488 2222 542 2273 6.
575 2220 724 2274 Casio
749 2232 924 2273 monte.
946 2220 1028 2273 De
1045 2237 1152 2291 quo
1169 2237 1216 2273 ο.
1249 2228 1340 2285 14.
1360 2220 1430 2271 Η.
1608 2240 1633 2274 ι
1648 2237 1697 2274 ῐ.
1730 2218 1820 2273 CL
1845 2219 1966 2273 mill.
1991 2220 2210 2287 Strabo,
2258 2221 2355 2275 lib.
2384 2222 2552 2290 XVI,

404 2330 486 2342 —
507 2298 690 2354 Casius
727 2318 884 2353 mons
905 2336 922 2365 ,
958 2316 1106 2352 nunc
1144 2298 1189 2349 le
1222 2318 1315 2369 cap
1352 2298 1437 2350 del
1520 2316 1640 2371 pag.
1672 2296 2002 2369 597,stadia
2018 2312 2260 2354 numerat
2284 2302 2433 2369 mille
2450 2302 2554 2356 du-

403 2378 544 2445 Kos,
573 2379 630 2432 id
657 2392 761 2446 est,
787 2380 835 2433 le
856 2399 950 2451 cap
969 2378 1038 2431 du
1059 2379 1262 2441 Ciseau,
1285 2376 1430 2431 haud
1518 2391 1671 2431 centa
1714 2390 1769 2431 et
1806 2380 2105 2449 sexaginta,
2155 2398 2275 2452 quae
2302 2400 2553 2451 passuum

401 2458 591 2531 procul
629 2458 907 2513 Pelusiaeo
951 2457 1120 2521 ostio,
1164 2458 1430 2511 orientem
1522 2456 1767 2511 efficiunt
1788 2476 1937 2511 omn
1960 2458 2140 2513 millia.
2166 2460 2349 2515 Hsnn.

401 2556 598 2591 versus.
1608 2554 1701 2591 ια.
1736 2536 1999 2591 Arsinoen.
2035 2540 2119 2591 De
2164 2556 2227 2593 ea
2260 2539 2403 2593 libro
2436 2542 2548 2610 VI,

483 2636 538 2687 7.
567 2616 816 2672 Canchlei.
845 2618 956 2684 Qui
975 2618 1032 2673 in
1061 2617 1222 2671 sacris
1243 2616 1433 2669 litteris
1518 2634 1638 2687 cap.
1668 2615 1763 2670 33.
1792 2616 1975 2671 Huni.
1999 2649 2080 2661 —-
2108 2618 2269 2671 Nune
2302 2618 2431 2672 Sues
2458 2640 2551 2674 vo·

401 2697 706 2750 Amalecitae
730 2695 864 2751 dieti
887 2696 1158 2751 videntur.
1180 2696 1294 2749 Nec
1331 2696 1433 2749 Bo-
1518 2708 1683 2750 catur.
1711 2696 1883 2749 Βιοτ.

401 2775 585 2829 eharto
622 2776 912 2842 assentior,
961 2776 1256 2831 Chavilaeos
1279 2794 1428 2828 nune
1594 2776 1752 2828 xm.
1777 2774 2166 2847 nluxtasyria.
2182 2776 2547 2834 Haeetotidem

399 2854 685 2927 significari
708 2892 726 2921 ,
769 2856 866 2928 qui
913 2868 1066 2911 erant
1117 2854 1426 2926 Babylonioe
1512 2854 1693 2907 verbis
1720 2872 1779 2907 ac
1802 2872 1959 2926 pane
1978 2855 2195 2925 syllabis
2218 2857 2544 2925 Martianus,

397 2934 649 3009 proximi.
671 2936 854 2989 Ham).
1511 2930 1606 2987 lib.
1626 2934 1738 2996 VI,
1764 2951 1883 3005 cap.
1912 2933 1981 2987 de
2002 2933 2197 2989 Arabia
2216 2948 2269 2989 et
2289 2938 2472 3009 Syria,
2488 2958 2545 3010 p.

481 3014 536 3068 8.
570 3014 760 3069 Cedrei.
773 3014 1066 3067 Habitant„
1090 3013 1268 3077 Codar,
1283 3012 1422 3067 Psel.
1516 3030 1546 3065 ι
1562 3030 1655 3081 19,
1676 3031 1707 3065 a
1724 3012 1903 3065 Plinio
1918 3014 2189 3084 expressit.
2204 3012 2293 3069 Sic
2309 3029 2365 3071 et
2380 3018 2546 3090 Mela,

405 3112 428 3147 1
447 3110 534 3161 19,
553 3093 916 3166 Hieronymus
933 3094 993 3147 in
1012 3093 1146 3148 loeis
1167 3092 1420 3147 Hebraie.
1509 3091 1607 3145 lib.
1628 3094 1658 3146 1
1672 3130 1689 3157 ,
1705 3108 1822 3163 cap.
1850 3109 1875 3146 1
1890 3110 1915 3146 1
1930 3130 1947 3157 ‚
1972 3111 2094 3165 pag.
2124 3112 2147 3147 1
2160 3102 2213 3159 4.
2235 3092 2420 3151 Hsnn.

401 3170 628 3226 «Cedat.
645 3212 660 3227 .
677 3212 694 3227 .
711 3212 727 3227 .
753 3186 834 3227 eet
856 3174 1006 3245 regio
1035 3174 1092 3227 in
1119 3192 1298 3227 eremo
1329 3170 1424 3226 Sa·
1596 3189 1651 3226 2.
1670 3171 1889 3226 Arabas.
1907 3172 2033 3226 Non
2062 3192 2154 3227 eos
2173 3174 2265 3246 qui
2285 3175 2541 3230 Arabiam

394 3268 709 3305 raeenorum
727 3290 746 3317 ,
777 3271 810 3306 a
833 3252 948 3306 filio
981 3253 1217 3307 Ismaelis
1247 3250 1424 3307 Cedat
1509 3251 1849 3322 peninsulam
1886 3251 2167 3314 incolunt,
2211 3251 2305 3306 sed
2344 3258 2439 3325 qui
2471 3257 2538 3309 ab

395 3331 467 3385 ita
491 3331 882 3403 cognominata.
902 3356 927 3380 ο
965 3332 1150 3387 Hsnn.
1512 3331 1708 3384 Arabia
1735 3331 1935 3383 Petraea
1956 3344 2079 3403 post
2104 3330 2396 3385 Iordanem
2425 3353 2539 3388 am-

479 3428 533 3479 9.
575 3410 849 3466 Nabataeis.
905 3411 1086 3465 Dalee.
1135 3410 1422 3466 Nabalia-is.
1512 3428 1640 3463 nem
1676 3408 1748 3463 ad
1784 3410 2046 3463 Libanum
2085 3430 2253 3483 usque
2296 3426 2537 3467 montem

393 3488 501 3542 En.
515 3490 848 3555 —Quorum
867 3488 1130 3561 oppidum
1148 3490 1321 3544 Petra.
1341 3492 1423 3545 De
1510 3500 1820 3563 penetrant,
1840 3501 1903 3544 ut
1923 3489 2127 3544 Plinius
2159 3492 2235 3545 ait
2248 3529 2265 3559 ,
2302 3490 2398 3545 lib.
2422 3494 2537 3561 VI,

392 3570 478 3623 his
499 3568 738 3623 dicemus
754 3569 850 3623 lib.
874 3570 986 3636 vl,
1016 3588 1132 3639 cap.
1164 3570 1259 3623 32.
1289 3568 1360 3623 H.
1510 3588 1626 3641 esp.
1652 3568 1746 3623 32.
1770 3569 1957 3622 Hsnn.

483 3668 574 3703 ιο.
599 3649 1003 3720 Heroopoliticus.
1033 3650 1117 3703 Ita
1145 3648 1424 3702 dicebatur
1593 3648 1645 3703 3.
1673 3646 1821 3701 Coeee.
1845 3647 2130 3721 coelesyria
2144 3688 2161 3715 ‚
2186 3647 2244 3702 id
2261 3661 2339 3703 est
2352 3688 2369 3718 ,
2384 3650 2537 3723 Syria

391 3728 462 3781 ab
484 3728 619 3781 urbe
639 3728 963 3801 Heroopoli,
993 3747 1142 3782 nune
1163 3728 1420 3797 Aget-oud.
1510 3746 1655 3783 cava.
1687 3728 1857 3780 Bnor.

395 3806 553 3861 Sinus
573 3825 701 3861 vero
716 3849 733 3874 ,
761 3826 908 3862 nunc
931 3806 1418 3871 Bakr-el-Souers,
1594 3806 1807 3870 4.Dein.
1826 3806 2008 3861 Chiffl.
2030 3810 2157 3860 exin.
2184 3808 2291 3861 En.

397 3886 444 3937 1ae
476 3886 612 3956 golfe
634 3888 696 3940 de
720 3886 866 3941 Suez.
906 3887 1216 3942 AElanitieus
1245 3882 1423 3954 sinus,
1594 3886 1649 3940 5.
1670 3887 1723 3939 E
1725 3897 1745 3937 t
1760 3886 1939 3940 eadem.
1968 3888 2091 3940 Vet.
2118 3886 2260 3958 apud
2282 3888 2459 3944 Dalec.
2483 3902 2536 3944 et

399 3980 548 4019 nunc
572 3966 1036 4041 Bahal-Aqabalz,
1061 3969 1106 4021 le
1123 3966 1258 4039 goffe
1283 3966 1422 4020 d’A·
1510 3964 1695 4021 chiffl.
1722 3966 1911 4020 exinde.
1930 3965 2069 4031 Alii,
2090 3986 2151 4019 ex
2167 3966 2347 4022 eadem.
2380 3970 2541 4024 Ante-

401 4043 577 4113 qabah.
606 4046 773 4100 Bnoer.
802 4060 856 4101 et
873 4046 978 4101 En.
1512 4046 1747 4115 ponebat
1772 4046 1954 4101 Doleo.
1982 4048 2084 4101 hoec
2104 4046 2287 4103 eadem.
2314 4048 2421 4104 En.

557 4157 656 4221 II.
2120 4150 2219 4224 30
