<?xml version="1.0" encoding="UTF-8"?>
<!DOCTYPE html PUBLIC "-//W3C//DTD XHTML 1.0 Transitional//EN"
    "http://www.w3.org/TR/xhtml1/DTD/xhtml1-transitional.dtd">
<html xmlns="http://www.w3.org/1999/xhtml" xml:lang="en" lang="en">
 <head>
  <title>
</title>
<meta http-equiv="Content-Type" content="text/html;charset=utf-8" />
  <meta name='ocr-system' content='tesseract 3.04.00' />
  <meta name='ocr-capabilities' content='ocr_page ocr_carea ocr_par ocr_line ocrx_word'/>
</head>
<body>
  <div class='ocr_page' id='page_1' title='image "./caiipliniisecun06plingoog_0701.png"; bbox 0 0 2950 5017; ppageno 0'>
   <div class='ocr_carea' id='block_1_1' title="bbox 532 451 2122 539">
    <p class='ocr_par' dir='ltr' id='par_1_1' title="bbox 532 451 2122 539">
     <span class='ocr_line' id='line_1_1' title="bbox 532 451 2122 539; baseline -0.001 -14"><span class='ocrx_word' id='word_1_1' title='bbox 532 451 687 539; x_wconf 72' lang='lat'><strong>684</strong></span> <span class='ocrx_word' id='word_1_2' title='bbox 1078 455 1158 523; x_wconf 92' lang='lat' dir='ltr'><strong>C.</strong></span> <span class='ocrx_word' id='word_1_3' title='bbox 1214 455 1546 524; x_wconf 88' lang='lat' dir='ltr'><strong>PLINII</strong></span> <span class='ocrx_word' id='word_1_4' title='bbox 1597 455 1814 526; x_wconf 81' lang='lat' dir='ltr'><strong>NAT.</strong></span> <span class='ocrx_word' id='word_1_5' title='bbox 1871 455 2122 524; x_wconf 88' lang='lat' dir='ltr'><strong>HIST.</strong></span> 
     </span>
    </p>
   </div>
   <div class='ocr_carea' id='block_1_2' title="bbox 460 584 2678 1529">
    <p class='ocr_par' dir='ltr' id='par_1_2' title="bbox 460 584 2677 934">
     <span class='ocr_line' id='line_1_2' title="bbox 528 584 2672 716; baseline 0.002 -63"><span class='ocrx_word' id='word_1_6' title='bbox 528 584 890 670; x_wconf 63' lang='lat' dir='ltr'><strong>Armeniae,</strong></span> <span class='ocrx_word' id='word_1_7' title='bbox 948 585 1338 716; x_wconf 88' lang='lat' dir='ltr'><strong>Caspiisque</strong></span> <span class='ocrx_word' id='word_1_8' title='bbox 1382 584 1775 656; x_wconf 81' lang='lat' dir='ltr'><strong>littoribus:</strong></span> <span class='ocrx_word' id='word_1_9' title='bbox 1829 588 2165 682; x_wconf 82' lang='lat' dir='ltr'><strong>pertinent</strong></span> <span class='ocrx_word' id='word_1_10' title='bbox 2219 585 2306 655; x_wconf 87' lang='lat' dir='ltr'><strong>ad</strong></span> <span class='ocrx_word' id='word_1_11' title='bbox 2365 588 2672 682; x_wconf 77' lang='lat' dir='ltr'><strong>Scythas,</strong></span> 
     </span>
     <span class='ocr_line' id='line_1_3' title="bbox 526 676 2674 790; baseline 0.002 -30"><span class='ocrx_word' id='word_1_12' title='bbox 526 715 683 760; x_wconf 89' lang='lat' dir='ltr'><strong>cum</strong></span> <span class='ocrx_word' id='word_1_13' title='bbox 735 689 976 783; x_wconf 88' lang='lat' dir='ltr'><strong>quibus</strong></span> <span class='ocrx_word' id='word_1_14' title='bbox 1039 676 1159 760; x_wconf 82' lang='lat' dir='ltr'><strong>ex³</strong></span> <span class='ocrx_word' id='word_1_15' title='bbox 1212 716 1405 787; x_wconf 85' lang='lat' dir='ltr'><strong>aequo</strong></span> <span class='ocrx_word' id='word_1_16' title='bbox 1464 691 1736 786; x_wconf 85' lang='lat' dir='ltr'><strong>degunt.</strong></span> <span class='ocrx_word' id='word_1_17' title='bbox 1819 692 2098 786; x_wconf 84' lang='lat' dir='ltr'>Reliqua</span> <span class='ocrx_word' id='word_1_18' title='bbox 2153 707 2407 788; x_wconf 86' lang='lat' dir='ltr'>septem</span> <span class='ocrx_word' id='word_1_19' title='bbox 2469 719 2674 790; x_wconf 84' lang='lat' dir='ltr'><strong>regna</strong></span> 
     </span>
     <span class='ocr_line' id='line_1_4' title="bbox 460 795 2677 934; baseline 0.003 -72"><span class='ocrx_word' id='word_1_20' title='bbox 460 826 487 859; x_wconf 80' lang='lat'>2</span> <span class='ocrx_word' id='word_1_21' title='bbox 526 795 841 864; x_wconf 87' lang='lat' dir='ltr'><strong>inferiora</strong></span> <span class='ocrx_word' id='word_1_22' title='bbox 888 795 1329 934; x_wconf 59' lang='lat' dir='ltr'><strong>appellantur.</strong></span> <span class='ocrx_word' id='word_1_23' title='bbox 1383 797 1586 887; x_wconf 91' lang='lat' dir='ltr'><strong>Quod</strong></span> <span class='ocrx_word' id='word_1_24' title='bbox 1641 797 1728 868; x_wconf 88' lang='lat' dir='ltr'><strong>ad</strong></span> <span class='ocrx_word' id='word_1_25' title='bbox 1771 800 2054 869; x_wconf 90' lang='lat' dir='ltr'><strong>Parthos</strong></span> <span class='ocrx_word' id='word_1_26' title='bbox 2087 801 2359 887; x_wconf 83' lang='lat' dir='ltr'><strong>attinet,</strong></span> <span class='ocrx_word' id='word_1_27' title='bbox 2411 825 2677 894; x_wconf 84' lang='lat' dir='ltr'>semper</span> 
     </span>
    </p>

    <p class='ocr_par' dir='ltr' id='par_1_3' title="bbox 526 852 2678 1529">
     <span class='ocr_line' id='line_1_5' title="bbox 529 852 2674 1001; baseline 0.002 -29"><span class='ocrx_word' id='word_1_28' title='bbox 529 902 655 972; x_wconf 82' lang='lat' dir='ltr'><strong>fuit</strong></span> <span class='ocrx_word' id='word_1_29' title='bbox 680 902 949 971; x_wconf 82' lang='lat' dir='ltr'><strong>Parthia</strong></span> <span class='ocrx_word' id='word_1_30' title='bbox 1050 928 1118 972; x_wconf 76' lang='grc' dir='ltr'><strong>ιιι</strong></span> <span class='ocrx_word' id='word_1_31' title='bbox 1186 903 1518 976; x_wconf 82' lang='lat' dir='ltr'><strong>radicibus</strong></span> <span class='ocrx_word' id='word_1_32' title='bbox 1568 906 1896 974; x_wconf 87' lang='lat' dir='ltr'><strong>montium</strong></span> <span class='ocrx_word' id='word_1_33' title='bbox 1949 891 2232 1001; x_wconf 77' lang='lat' dir='ltr'><strong>saepius⁵</strong></span> <span class='ocrx_word' id='word_1_34' title='bbox 2295 852 2674 992; x_wconf 83' lang='lat' dir='ltr'><strong>dictorum,</strong></span> 
     </span>
     <span class='ocr_line' id='line_1_6' title="bbox 526 1009 2674 1141; baseline 0.003 -65"><span class='ocrx_word' id='word_1_35' title='bbox 526 1009 643 1102; x_wconf 92' lang='lat' dir='ltr'><strong>qui</strong></span> <span class='ocrx_word' id='word_1_36' title='bbox 690 1033 923 1078; x_wconf 88' lang='lat' dir='ltr'><strong>omnes</strong></span> <span class='ocrx_word' id='word_1_37' title='bbox 958 1033 1069 1078; x_wconf 87' lang='lat' dir='ltr'><strong>eas</strong></span> <span class='ocrx_word' id='word_1_38' title='bbox 1117 1024 1373 1105; x_wconf 82' lang='lat' dir='ltr'><strong>gentes</strong></span> <span class='ocrx_word' id='word_1_39' title='bbox 1388 1023 1784 1141; x_wconf 59' lang='lat' dir='ltr'><strong>praetexunt.</strong></span> <span class='ocrx_word' id='word_1_40' title='bbox 1837 1011 2056 1081; x_wconf 85' lang='lat' dir='ltr'><strong>Habet</strong></span> <span class='ocrx_word' id='word_1_41' title='bbox 2103 1011 2191 1081; x_wconf 90' lang='lat' dir='ltr'><strong>ab</strong></span> <span class='ocrx_word' id='word_1_42' title='bbox 2238 1027 2395 1082; x_wconf 86' lang='lat' dir='ltr'><strong>ortu</strong></span> <span class='ocrx_word' id='word_1_43' title='bbox 2434 1014 2634 1082; x_wconf 86' lang='lat' dir='ltr'><strong>Arios</strong></span> <span class='ocrx_word' id='word_1_44' title='bbox 2652 1063 2674 1094; x_wconf 87' lang='lat'><strong>,</strong></span> 
     </span>
     <span class='ocr_line' id='line_1_7' title="bbox 526 1101 2678 1202; baseline 0.003 -20"><span class='ocrx_word' id='word_1_45' title='bbox 526 1139 567 1182; x_wconf 86' lang='lat' dir='ltr'><strong>a</strong></span> <span class='ocrx_word' id='word_1_46' title='bbox 630 1113 905 1184; x_wconf 86' lang='lat' dir='ltr'><strong>meridie</strong></span> <span class='ocrx_word' id='word_1_47' title='bbox 962 1118 1385 1188; x_wconf 86' lang='lat' dir='ltr'><strong>Carmaniam</strong></span> <span class='ocrx_word' id='word_1_48' title='bbox 1433 1101 1545 1186; x_wconf 83' lang='lat' dir='ltr'><strong>et⁶</strong></span> <span class='ocrx_word' id='word_1_49' title='bbox 1580 1119 1905 1202; x_wconf 84' lang='lat' dir='ltr'><strong>Arianos,</strong></span> <span class='ocrx_word' id='word_1_50' title='bbox 1961 1118 2047 1187; x_wconf 89' lang='lat' dir='ltr'><strong>ab</strong></span> <span class='ocrx_word' id='word_1_51' title='bbox 2097 1142 2342 1188; x_wconf 88' lang='lat' dir='ltr'><strong>occasu</strong></span> <span class='ocrx_word' id='word_1_52' title='bbox 2395 1120 2678 1189; x_wconf 84' lang='lat' dir='ltr'><strong>Pratitas</strong></span> 
     </span>
     <span class='ocr_line' id='line_1_8' title="bbox 528 1219 2673 1351; baseline 0.003 -63"><span class='ocrx_word' id='word_1_53' title='bbox 528 1219 843 1303; x_wconf 88' lang='lat' dir='ltr'><strong>Medos⁷‚</strong></span> <span class='ocrx_word' id='word_1_54' title='bbox 872 1245 913 1289; x_wconf 90' lang='lat' dir='ltr'><strong>a</strong></span> <span class='ocrx_word' id='word_1_55' title='bbox 948 1223 1421 1351; x_wconf 87' lang='lat' dir='ltr'><strong>septemtrione</strong></span> <span class='ocrx_word' id='word_1_56' title='bbox 1456 1225 1840 1316; x_wconf 77' lang='lat' dir='ltr'><strong>HyreanoS‚</strong></span> <span class='ocrx_word' id='word_1_57' title='bbox 1887 1223 2182 1319; x_wconf 87' lang='lat' dir='ltr'><strong>undique</strong></span> <span class='ocrx_word' id='word_1_58' title='bbox 2221 1222 2502 1294; x_wconf 83' lang='lat' dir='ltr'><strong>desertis</strong></span> <span class='ocrx_word' id='word_1_59' title='bbox 2537 1226 2673 1294; x_wconf 88' lang='lat' dir='ltr'><strong>cin-</strong></span> 
     </span>
     <span class='ocr_line' id='line_1_9' title="bbox 527 1313 2674 1424; baseline 0.002 -28"><span class='ocrx_word' id='word_1_60' title='bbox 527 1339 657 1396; x_wconf 89' lang='lat' dir='ltr'><strong>cta.</strong></span> <span class='ocrx_word' id='word_1_61' title='bbox 698 1313 1102 1397; x_wconf 79' lang='lat' dir='ltr'><strong>Ulteriores⁸</strong></span> <span class='ocrx_word' id='word_1_62' title='bbox 1127 1329 1355 1397; x_wconf 90' lang='lat' dir='ltr'><strong>Parthi</strong></span> <span class='ocrx_word' id='word_1_63' title='bbox 1387 1327 1726 1399; x_wconf 90' lang='lat' dir='ltr'><strong>Nomades</strong></span> <span class='ocrx_word' id='word_1_64' title='bbox 1757 1329 2223 1424; x_wconf 85' lang='lat' dir='ltr'><strong>appellantur.</strong></span> <span class='ocrx_word' id='word_1_65' title='bbox 2269 1331 2442 1400; x_wconf 90' lang='lat' dir='ltr'><strong>citra</strong></span> <span class='ocrx_word' id='word_1_66' title='bbox 2459 1329 2487 1369; x_wconf 81' lang='lat'>⁹</span> <span class='ocrx_word' id='word_1_67' title='bbox 2506 1330 2674 1412; x_wconf 91' lang='lat' dir='ltr'><strong>,de-</strong></span> 
     </span>
     <span class='ocr_line' id='line_1_10' title="bbox 528 1432 2672 1529; baseline 0.002 -28"><span class='ocrx_word' id='word_1_68' title='bbox 528 1447 753 1501; x_wconf 85' lang='lat' dir='ltr'><strong>serta:</strong></span> <span class='ocrx_word' id='word_1_69' title='bbox 797 1432 883 1501; x_wconf 88' lang='lat' dir='ltr'><strong>ab</strong></span> <span class='ocrx_word' id='word_1_70' title='bbox 926 1458 1169 1504; x_wconf 88' lang='lat' dir='ltr'><strong>occasu</strong></span> <span class='ocrx_word' id='word_1_71' title='bbox 1205 1434 1404 1504; x_wconf 89' lang='lat' dir='ltr'><strong>urbes</strong></span> <span class='ocrx_word' id='word_1_72' title='bbox 1462 1459 1728 1522; x_wconf 88' lang='lat' dir='ltr'><strong>eorum,</strong></span> <span class='ocrx_word' id='word_1_73' title='bbox 1787 1434 1984 1529; x_wconf 88' lang='lat' dir='ltr'><strong>quas¹</strong></span> <span class='ocrx_word' id='word_1_74' title='bbox 1991 1434 2390 1524; x_wconf 79' lang='lat' dir='ltr'><strong>‘’diximus,</strong></span> <span class='ocrx_word' id='word_1_75' title='bbox 2442 1438 2672 1506; x_wconf 86' lang='lat' dir='ltr'><strong>Issatis</strong></span> 
     </span>
    </p>
   </div>
   <div class='ocr_carea' id='block_1_3' title="bbox 527 1537 2364 1716">
    <p class='ocr_par' dir='ltr' id='par_1_4' title="bbox 527 1537 2364 1716">
     <span class='ocr_line' id='line_1_11' title="bbox 527 1537 2364 1715; baseline 0.001 -109"><span class='ocrx_word' id='word_1_76' title='bbox 527 1553 597 1608; x_wconf 87' lang='lat' dir='ltr'><strong>et</strong></span> <span class='ocrx_word' id='word_1_77' title='bbox 657 1537 956 1633; x_wconf 87' lang='lat' dir='ltr'><strong>Calliope</strong></span> <span class='ocrx_word' id='word_1_78' title='bbox 992 1567 1009 1610; x_wconf 73' lang='grc' dir='ltr'><em>ε</em></span> <span class='ocrx_word' id='word_1_79' title='bbox 1062 1541 1147 1609; x_wconf 91' lang='lat' dir='ltr'><strong>ab</strong></span> <span class='ocrx_word' id='word_1_80' title='bbox 1215 1542 1510 1715; x_wconf 75' lang='lat' dir='ltr'><strong>oriented</strong></span> <span class='ocrx_word' id='word_1_81' title='bbox 1522 1543 1758 1672; x_wconf 40' lang='lat' dir='ltr'><strong>leiim</strong></span> <span class='ocrx_word' id='word_1_82' title='bbox 1786 1592 1806 1625; x_wconf 91' lang='lat'>‚</span> <span class='ocrx_word' id='word_1_83' title='bbox 1868 1540 2262 1636; x_wconf 86' lang='lat' dir='ltr'><strong>Europum¹</strong></span> <span class='ocrx_word' id='word_1_84' title='bbox 2245 1539 2290 1565; x_wconf 86' lang='lat'><strong>¹¹</strong></span> <span class='ocrx_word' id='word_1_85' title='bbox 2343 1557 2364 1608; x_wconf 73' lang='grc' dir='ltr'>ε</span> 
     </span>
     <span class='ocr_line' id='line_1_12' title="bbox 1174 1670 1579 1716; baseline -0.002 -1"><span class='ocrx_word' id='word_1_86' title='bbox 1174 1673 1189 1715; x_wconf 91' lang='lat'>:</span> <span class='ocrx_word' id='word_1_87' title='bbox 1237 1673 1307 1716; x_wconf 78' lang='lat' dir='ltr'><strong>in</strong></span> <span class='ocrx_word' id='word_1_88' title='bbox 1359 1671 1467 1715; x_wconf 90' lang='lat' dir='ltr'><strong>me</strong></span> <span class='ocrx_word' id='word_1_89' title='bbox 1517 1670 1579 1715; x_wconf 89' lang='grc' dir='ltr'><strong>ιο</strong></span> 
     </span>
    </p>
   </div>
   <div class='ocr_carea' id='block_1_4' title="bbox 526 1644 1122 1730">
    <p class='ocr_par' dir='ltr' id='par_1_5' title="bbox 526 1644 1122 1730">
     <span class='ocr_line' id='line_1_13' title="bbox 526 1644 1122 1730; baseline 0.002 -17"><span class='ocrx_word' id='word_1_90' title='bbox 526 1644 737 1714; x_wconf 90' lang='lat' dir='ltr'><strong>berno</strong></span> <span class='ocrx_word' id='word_1_91' title='bbox 752 1695 773 1730; x_wconf 91' lang='lat'><strong>,</strong></span> <span class='ocrx_word' id='word_1_92' title='bbox 829 1648 1061 1715; x_wconf 87' lang='lat' dir='ltr'><strong>Mania</strong></span> <span class='ocrx_word' id='word_1_93' title='bbox 1077 1645 1122 1670; x_wconf 81' lang='lat'><strong>¹²</strong></span> 
     </span>
    </p>
   </div>
   <div class='ocr_carea' id='block_1_5' title="bbox 510 1843 1558 4144">
    <p class='ocr_par' dir='ltr' id='par_1_6' title="bbox 523 1843 1558 2072">
     <span class='ocr_line' id='line_1_14' title="bbox 612 1843 1552 1915; baseline 0.001 -18"><span class='ocrx_word' id='word_1_94' title='bbox 612 1843 668 1897; x_wconf 87' lang='grc'><strong>3.</strong></span> <span class='ocrx_word' id='word_1_95' title='bbox 682 1843 771 1896; x_wconf 71' lang='lat' dir='ltr'><strong>Ea:</strong></span> <span class='ocrx_word' id='word_1_96' title='bbox 791 1863 929 1914; x_wconf 80' lang='lat' dir='ltr'><strong>oequo</strong></span> <span class='ocrx_word' id='word_1_97' title='bbox 943 1844 1143 1914; x_wconf 74' lang='lat' dir='ltr'><strong>degunt.</strong></span> <span class='ocrx_word' id='word_1_98' title='bbox 1162 1844 1374 1899; x_wconf 89' lang='lat' dir='ltr'><strong>Solinus</strong></span> <span class='ocrx_word' id='word_1_99' title='bbox 1391 1881 1407 1908; x_wconf 85' lang='lat'><strong>‚</strong></span> <span class='ocrx_word' id='word_1_100' title='bbox 1431 1863 1552 1915; x_wconf 86' lang='lat' dir='ltr'><strong>cap.</strong></span> 
     </span>
     <span class='ocr_line' id='line_1_15' title="bbox 528 1925 1558 1996; baseline 0.004 -22"><span class='ocrx_word' id='word_1_101' title='bbox 528 1941 623 1981; x_wconf 69' lang='lat' dir='ltr'><strong>nv,</strong></span> <span class='ocrx_word' id='word_1_102' title='bbox 658 1940 777 1995; x_wconf 79' lang='lat' dir='ltr'><strong>pag.</strong></span> <span class='ocrx_word' id='word_1_103' title='bbox 796 1926 870 1977; x_wconf 88' lang='grc'><strong>86</strong></span> <span class='ocrx_word' id='word_1_104' title='bbox 892 1941 906 1977; x_wconf 89' lang='lat'><strong>:</strong></span> <span class='ocrx_word' id='word_1_105' title='bbox 939 1925 1235 1996; x_wconf 77' lang='lat' dir='ltr'><strong>Quibuscum</strong></span> <span class='ocrx_word' id='word_1_106' title='bbox 1258 1925 1558 1978; x_wconf 72' lang='lat' dir='ltr'><strong>concorditer</strong></span> 
     </span>
     <span class='ocr_line' id='line_1_16' title="bbox 523 2001 918 2072; baseline 0.005 -18"><span class='ocrx_word' id='word_1_107' title='bbox 523 2001 918 2072; x_wconf 60' lang='lat' dir='ltr'><strong>deguntflaao.</strong></span> 
     </span>
    </p>

    <p class='ocr_par' dir='ltr' id='par_1_7' title="bbox 520 2081 1556 2622">
     <span class='ocr_line' id='line_1_17' title="bbox 606 2081 1552 2156; baseline 0.001 -20"><span class='ocrx_word' id='word_1_108' title='bbox 606 2089 659 2147; x_wconf 75' lang='grc'><strong>4.</strong></span> <span class='ocrx_word' id='word_1_109' title='bbox 702 2084 934 2140; x_wconf 72' lang='lat' dir='ltr'><strong>Parthia.</strong></span> <span class='ocrx_word' id='word_1_110' title='bbox 971 2083 1075 2137; x_wconf 82' lang='lat' dir='ltr'><strong>vel</strong></span> <span class='ocrx_word' id='word_1_111' title='bbox 1108 2096 1169 2136; x_wconf 90' lang='lat' dir='ltr'><strong>ut</strong></span> <span class='ocrx_word' id='word_1_112' title='bbox 1197 2081 1418 2156; x_wconf 88' lang='lat' dir='ltr'><strong>quidam</strong></span> <span class='ocrx_word' id='word_1_113' title='bbox 1459 2103 1552 2137; x_wconf 90' lang='lat' dir='ltr'><strong>co-</strong></span> 
     </span>
     <span class='ocr_line' id='line_1_18' title="bbox 524 2160 1556 2230; baseline 0.002 -16"><span class='ocrx_word' id='word_1_114' title='bbox 524 2160 673 2215; x_wconf 87' lang='lat' dir='ltr'><strong>dices</strong></span> <span class='ocrx_word' id='word_1_115' title='bbox 720 2167 924 2219; x_wconf 84' lang='lat' dir='ltr'><strong>habent</strong></span> <span class='ocrx_word' id='word_1_116' title='bbox 949 2202 965 2227; x_wconf 84' lang='lat'><strong>,</strong></span> <span class='ocrx_word' id='word_1_117' title='bbox 1021 2164 1303 2230; x_wconf 78' lang='lat' dir='ltr'><strong>Parthroea.</strong></span> <span class='ocrx_word' id='word_1_118' title='bbox 1355 2163 1556 2218; x_wconf 77' lang='lat' dir='ltr'><strong>Graecis</strong></span> 
     </span>
     <span class='ocr_line' id='line_1_19' title="bbox 522 2241 1553 2316; baseline 0.002 -22"><span class='ocrx_word' id='word_1_119' title='bbox 522 2241 670 2294; x_wconf 87' lang='lat' dir='ltr'><strong>enim</strong></span> <span class='ocrx_word' id='word_1_120' title='bbox 713 2245 911 2316; x_wconf 75' lang='grc' dir='ltr'>Παρθὶα</span> <span class='ocrx_word' id='word_1_121' title='bbox 944 2256 999 2297; x_wconf 89' lang='lat' dir='ltr'><strong>et</strong></span> <span class='ocrx_word' id='word_1_122' title='bbox 1028 2244 1287 2314; x_wconf 77' lang='grc' dir='ltr'>Παρθυαία</span> <span class='ocrx_word' id='word_1_123' title='bbox 1316 2241 1553 2309; x_wconf 85' lang='lat' dir='ltr'><strong>dicitur,</strong></span> 
     </span>
     <span class='ocr_line' id='line_1_20' title="bbox 524 2321 1552 2394; baseline 0.002 -21"><span class='ocrx_word' id='word_1_124' title='bbox 524 2339 629 2374; x_wconf 87' lang='lat' dir='ltr'><strong>una</strong></span> <span class='ocrx_word' id='word_1_125' title='bbox 650 2341 713 2378; x_wconf 86' lang='lat' dir='ltr'><strong>ex</strong></span> <span class='ocrx_word' id='word_1_126' title='bbox 743 2323 1117 2394; x_wconf 78' lang='lat' dir='ltr'><strong>duodeviginti</strong></span> <span class='ocrx_word' id='word_1_127' title='bbox 1144 2321 1435 2394; x_wconf 77' lang='lat' dir='ltr'><strong>provinciis</strong></span> <span class='ocrx_word' id='word_1_128' title='bbox 1460 2342 1552 2375; x_wconf 89' lang='lat' dir='ltr'><strong>su·</strong></span> 
     </span>
     <span class='ocr_line' id='line_1_21' title="bbox 522 2401 1549 2473; baseline 0 -19"><span class='ocrx_word' id='word_1_129' title='bbox 522 2401 707 2471; x_wconf 78' lang='lat' dir='ltr'><strong>petius</strong></span> <span class='ocrx_word' id='word_1_130' title='bbox 736 2403 1075 2467; x_wconf 72' lang='lat' dir='ltr'><strong>memoratiS,</strong></span> <span class='ocrx_word' id='word_1_131' title='bbox 1101 2403 1300 2473; x_wconf 85' lang='lat' dir='ltr'><strong>quibus</strong></span> <span class='ocrx_word' id='word_1_132' title='bbox 1323 2402 1549 2455; x_wconf 88' lang='lat' dir='ltr'><strong>Partho·</strong></span> 
     </span>
     <span class='ocr_line' id='line_1_22' title="bbox 520 2481 1552 2553; baseline -0.006 -14"><span class='ocrx_word' id='word_1_133' title='bbox 520 2499 644 2534; x_wconf 82' lang='lat' dir='ltr'><strong>rum</strong></span> <span class='ocrx_word' id='word_1_134' title='bbox 688 2484 920 2538; x_wconf 85' lang='lat' dir='ltr'><strong>constitit</strong></span> <span class='ocrx_word' id='word_1_135' title='bbox 968 2482 1274 2553; x_wconf 86' lang='lat' dir='ltr'><strong>imperium.</strong></span> <span class='ocrx_word' id='word_1_136' title='bbox 1323 2481 1552 2534; x_wconf 73' lang='lat' dir='ltr'><strong>Parthiae</strong></span> 
     </span>
     <span class='ocr_line' id='line_1_23' title="bbox 520 2561 1307 2622; baseline 0 -10"><span class='ocrx_word' id='word_1_137' title='bbox 520 2578 667 2622; x_wconf 72' lang='lat' dir='ltr'><strong>nunc</strong></span> <span class='ocrx_word' id='word_1_138' title='bbox 692 2582 893 2616; x_wconf 87' lang='lat' dir='ltr'><strong>nomen</strong></span> <span class='ocrx_word' id='word_1_139' title='bbox 905 2574 982 2615; x_wconf 87' lang='lat' dir='ltr'><strong>est</strong></span> <span class='ocrx_word' id='word_1_140' title='bbox 1006 2562 1187 2615; x_wconf 63' lang='lat' dir='ltr'><strong>Comes.</strong></span> <span class='ocrx_word' id='word_1_141' title='bbox 1205 2561 1307 2613; x_wconf 83' lang='lat' dir='ltr'><strong>En.</strong></span> 
     </span>
    </p>

    <p class='ocr_par' dir='ltr' id='par_1_8' title="bbox 521 2639 1548 2952">
     <span class='ocr_line' id='line_1_24' title="bbox 607 2639 1548 2714; baseline -0.001 -21"><span class='ocrx_word' id='word_1_142' title='bbox 607 2639 659 2694; x_wconf 82' lang='grc'><strong>5.</strong></span> <span class='ocrx_word' id='word_1_143' title='bbox 678 2641 867 2714; x_wconf 75' lang='lat' dir='ltr'><strong>Soepc‘us</strong></span> <span class='ocrx_word' id='word_1_144' title='bbox 880 2643 1133 2694; x_wconf 76' lang='lat' dir='ltr'><strong>dictorum.</strong></span> <span class='ocrx_word' id='word_1_145' title='bbox 1150 2639 1548 2694; x_wconf 71' lang='lat' dir='ltr'><strong>caucasiorum.</strong></span> 
     </span>
     <span class='ocr_line' id='line_1_25' title="bbox 522 2721 1546 2794; baseline 0.002 -22"><span class='ocrx_word' id='word_1_146' title='bbox 522 2721 715 2792; x_wconf 84' lang='lat' dir='ltr'><strong>Supra,</strong></span> <span class='ocrx_word' id='word_1_147' title='bbox 735 2741 851 2794; x_wconf 79' lang='lat' dir='ltr'><strong>cap.</strong></span> <span class='ocrx_word' id='word_1_148' title='bbox 887 2725 955 2775; x_wconf 89' lang='lat'><strong>16</strong></span> <span class='ocrx_word' id='word_1_149' title='bbox 985 2739 999 2775; x_wconf 91' lang='lat'><strong>:</strong></span> <span class='ocrx_word' id='word_1_150' title='bbox 1024 2746 1047 2768; x_wconf 81' lang='grc' dir='ltr'>ι</span> <span class='ocrx_word' id='word_1_151' title='bbox 1068 2722 1347 2774; x_wconf 84' lang='lat' dir='ltr'><strong>Persarum</strong></span> <span class='ocrx_word' id='word_1_152' title='bbox 1366 2737 1546 2790; x_wconf 76' lang='lat' dir='ltr'><strong>regna,</strong></span> 
     </span>
     <span class='ocr_line' id='line_1_26' title="bbox 521 2799 1549 2870; baseline 0 -18"><span class='ocrx_word' id='word_1_153' title='bbox 521 2818 642 2870; x_wconf 72' lang='lat' dir='ltr'><strong>qun</strong></span> <span class='ocrx_word' id='word_1_154' title='bbox 665 2820 814 2855; x_wconf 87' lang='lat' dir='ltr'><strong>nune</strong></span> <span class='ocrx_word' id='word_1_155' title='bbox 833 2800 1155 2854; x_wconf 85' lang='lat' dir='ltr'><strong>Parthorum</strong></span> <span class='ocrx_word' id='word_1_156' title='bbox 1176 2799 1549 2870; x_wconf 74' lang='lat' dir='ltr'><strong>intelligimus,</strong></span> 
     </span>
     <span class='ocr_line' id='line_1_27' title="bbox 522 2879 1548 2952; baseline -0.001 -20"><span class='ocrx_word' id='word_1_157' title='bbox 522 2879 787 2934; x_wconf 82' lang='lat' dir='ltr'><strong>Caucasiis</strong></span> <span class='ocrx_word' id='word_1_158' title='bbox 804 2881 944 2952; x_wconf 74' lang='lat' dir='ltr'><strong>jugis</strong></span> <span class='ocrx_word' id='word_1_159' title='bbox 962 2880 1297 2932; x_wconf 86' lang='lat' dir='ltr'><strong>attolluntur.</strong></span> <span class='ocrx_word' id='word_1_160' title='bbox 1320 2903 1343 2926; x_wconf 73' lang='lat' dir='ltr'>n</span> <span class='ocrx_word' id='word_1_161' title='bbox 1362 2879 1548 2936; x_wconf 63' lang='lat' dir='ltr'><strong>Hsao.</strong></span> 
     </span>
    </p>

    <p class='ocr_par' dir='ltr' id='par_1_9' title="bbox 516 2957 1549 3428">
     <span class='ocr_line' id='line_1_28' title="bbox 603 2957 1549 3028; baseline -0.002 -16"><span class='ocrx_word' id='word_1_162' title='bbox 603 2963 659 3014; x_wconf 87' lang='lat'><strong>6.</strong></span> <span class='ocrx_word' id='word_1_163' title='bbox 710 2961 785 3014; x_wconf 79' lang='lat' dir='ltr'><strong>Et</strong></span> <span class='ocrx_word' id='word_1_164' title='bbox 833 2962 1067 3014; x_wconf 72' lang='lat' dir='ltr'><strong>Art&#39;wos.</strong></span> <span class='ocrx_word' id='word_1_165' title='bbox 1122 2957 1305 3012; x_wconf 82' lang='lat' dir='ltr'><strong>Ariani</strong></span> <span class='ocrx_word' id='word_1_166' title='bbox 1352 2971 1549 3028; x_wconf 75' lang='lat' dir='ltr'><strong>praeter</strong></span> 
     </span>
     <span class='ocr_line' id='line_1_29' title="bbox 520 3036 1546 3111; baseline 0 -21"><span class='ocrx_word' id='word_1_167' title='bbox 520 3036 679 3092; x_wconf 85' lang='lat' dir='ltr'><strong>Arios</strong></span> <span class='ocrx_word' id='word_1_168' title='bbox 729 3039 1219 3111; x_wconf 81' lang='lat' dir='ltr'><strong>complectebantur</strong></span> <span class='ocrx_word' id='word_1_169' title='bbox 1275 3040 1512 3108; x_wconf 76' lang='lat' dir='ltr'><strong>Drangas</strong></span> <span class='ocrx_word' id='word_1_170' title='bbox 1528 3075 1546 3103; x_wconf 87' lang='lat'><strong>,</strong></span> 
     </span>
     <span class='ocr_line' id='line_1_30' title="bbox 519 3115 1547 3189; baseline -0.001 -19"><span class='ocrx_word' id='word_1_171' title='bbox 519 3119 834 3189; x_wconf 79' lang='lat' dir='ltr'><strong>Evergetas,</strong></span> <span class='ocrx_word' id='word_1_172' title='bbox 881 3121 1144 3189; x_wconf 80' lang='lat' dir='ltr'><strong>Zarangas</strong></span> <span class='ocrx_word' id='word_1_173' title='bbox 1164 3156 1182 3183; x_wconf 95' lang='lat'><strong>,</strong></span> <span class='ocrx_word' id='word_1_174' title='bbox 1228 3115 1507 3172; x_wconf 79' lang='lat' dir='ltr'><strong>Gedrusos</strong></span> <span class='ocrx_word' id='word_1_175' title='bbox 1529 3156 1547 3184; x_wconf 84' lang='lat'><strong>,</strong></span> 
     </span>
     <span class='ocr_line' id='line_1_31' title="bbox 518 3195 1549 3269; baseline 0.001 -19"><span class='ocrx_word' id='word_1_176' title='bbox 518 3210 582 3251; x_wconf 87' lang='lat' dir='ltr'><strong>nt</strong></span> <span class='ocrx_word' id='word_1_177' title='bbox 606 3195 813 3252; x_wconf 85' lang='lat' dir='ltr'><strong>dictum</strong></span> <span class='ocrx_word' id='word_1_178' title='bbox 849 3211 925 3251; x_wconf 84' lang='lat' dir='ltr'><strong>est</strong></span> <span class='ocrx_word' id='word_1_179' title='bbox 950 3216 1067 3269; x_wconf 84' lang='lat' dir='ltr'><strong>cap.</strong></span> <span class='ocrx_word' id='word_1_180' title='bbox 1106 3201 1197 3251; x_wconf 76' lang='lat'><strong>26.</strong></span> <span class='ocrx_word' id='word_1_181' title='bbox 1226 3195 1377 3265; x_wconf 86' lang='lat' dir='ltr'><strong>Quid</strong></span> <span class='ocrx_word' id='word_1_182' title='bbox 1405 3197 1549 3251; x_wconf 88' lang='lat' dir='ltr'><strong>inter</strong></span> 
     </span>
     <span class='ocr_line' id='line_1_32' title="bbox 518 3275 1546 3343; baseline 0.003 -16"><span class='ocrx_word' id='word_1_183' title='bbox 518 3276 678 3331; x_wconf 83' lang='lat' dir='ltr'><strong>Arios</strong></span> <span class='ocrx_word' id='word_1_184' title='bbox 716 3279 1015 3342; x_wconf 80' lang='lat' dir='ltr'><strong>interesset,</strong></span> <span class='ocrx_word' id='word_1_185' title='bbox 1048 3288 1102 3329; x_wconf 92' lang='lat' dir='ltr'><strong>et</strong></span> <span class='ocrx_word' id='word_1_186' title='bbox 1128 3277 1385 3343; x_wconf 79' lang='lat' dir='ltr'><strong>Arianos,</strong></span> <span class='ocrx_word' id='word_1_187' title='bbox 1406 3275 1546 3330; x_wconf 82' lang='lat' dir='ltr'><strong>dixi-</strong></span> 
     </span>
     <span class='ocr_line' id='line_1_33' title="bbox 516 3357 1101 3428; baseline -0.002 -20"><span class='ocrx_word' id='word_1_188' title='bbox 516 3375 636 3409; x_wconf 87' lang='lat' dir='ltr'><strong>mus</strong></span> <span class='ocrx_word' id='word_1_189' title='bbox 654 3375 774 3428; x_wconf 88' lang='lat' dir='ltr'><strong>eap.</strong></span> <span class='ocrx_word' id='word_1_190' title='bbox 799 3357 888 3411; x_wconf 77' lang='lat'><strong>23.</strong></span> <span class='ocrx_word' id='word_1_191' title='bbox 915 3357 1101 3410; x_wconf 62' lang='lat' dir='ltr'><strong>Hsao.</strong></span> 
     </span>
    </p>

    <p class='ocr_par' dir='ltr' id='par_1_10' title="bbox 512 3435 1546 3667">
     <span class='ocr_line' id='line_1_34' title="bbox 598 3435 1546 3508; baseline 0 -18"><span class='ocrx_word' id='word_1_192' title='bbox 598 3455 651 3506; x_wconf 89' lang='lat'><strong>7.</strong></span> <span class='ocrx_word' id='word_1_193' title='bbox 694 3437 916 3489; x_wconf 76' lang='lat' dir='ltr'><strong>Pratitas</strong></span> <span class='ocrx_word' id='word_1_194' title='bbox 965 3435 1155 3490; x_wconf 82' lang='lat' dir='ltr'><strong>Medos.</strong></span> <span class='ocrx_word' id='word_1_195' title='bbox 1188 3437 1359 3489; x_wconf 84' lang='lat' dir='ltr'><strong>Vetus</strong></span> <span class='ocrx_word' id='word_1_196' title='bbox 1398 3435 1546 3508; x_wconf 86' lang='lat' dir='ltr'><strong>apud</strong></span> 
     </span>
     <span class='ocr_line' id='line_1_35' title="bbox 514 3515 1546 3587; baseline 0.002 -19"><span class='ocrx_word' id='word_1_197' title='bbox 514 3515 823 3587; x_wconf 84' lang='lat' dir='ltr'><strong>Dalecamp.</strong></span> <span class='ocrx_word' id='word_1_198' title='bbox 847 3516 1067 3569; x_wconf 72' lang='lat' dir='ltr'><strong>Pratitas</strong></span> <span class='ocrx_word' id='word_1_199' title='bbox 1084 3553 1101 3581; x_wconf 85' lang='lat'><strong>,</strong></span> <span class='ocrx_word' id='word_1_200' title='bbox 1136 3515 1324 3568; x_wconf 79' lang='lat' dir='ltr'><strong>Medos.</strong></span> <span class='ocrx_word' id='word_1_201' title='bbox 1352 3517 1434 3569; x_wconf 86' lang='lat' dir='ltr'><strong>De</strong></span> <span class='ocrx_word' id='word_1_202' title='bbox 1459 3515 1546 3570; x_wconf 76' lang='lat' dir='ltr'><strong>his</strong></span> 
     </span>
     <span class='ocr_line' id='line_1_36' title="bbox 512 3596 883 3667; baseline 0.005 -18"><span class='ocrx_word' id='word_1_203' title='bbox 512 3614 630 3667; x_wconf 82' lang='lat' dir='ltr'><strong>cap.</strong></span> <span class='ocrx_word' id='word_1_204' title='bbox 666 3614 756 3666; x_wconf 78' lang='lat'><strong>³7·</strong></span> <span class='ocrx_word' id='word_1_205' title='bbox 776 3596 883 3651; x_wconf 85' lang='lat' dir='ltr'><strong>En.</strong></span> 
     </span>
    </p>

    <p class='ocr_par' dir='ltr' id='par_1_11' title="bbox 510 3673 1546 3985">
     <span class='ocr_line' id='line_1_37' title="bbox 596 3673 1546 3730; baseline -0.003 0"><span class='ocrx_word' id='word_1_206' title='bbox 596 3677 653 3730; x_wconf 87' lang='grc'><strong>8.</strong></span> <span class='ocrx_word' id='word_1_207' title='bbox 689 3676 966 3730; x_wconf 74' lang='lat' dir='ltr'><strong>Ulterior-es.</strong></span> <span class='ocrx_word' id='word_1_208' title='bbox 1001 3675 1201 3727; x_wconf 82' lang='lat' dir='ltr'><strong>Versus</strong></span> <span class='ocrx_word' id='word_1_209' title='bbox 1234 3673 1363 3727; x_wconf 86' lang='lat' dir='ltr'><strong>solis</strong></span> <span class='ocrx_word' id='word_1_210' title='bbox 1392 3689 1546 3727; x_wconf 86' lang='lat' dir='ltr'><strong>exor-</strong></span> 
     </span>
     <span class='ocr_line' id='line_1_38' title="bbox 514 3750 1545 3826; baseline 0 -20"><span class='ocrx_word' id='word_1_211' title='bbox 514 3763 650 3809; x_wconf 86' lang='lat' dir='ltr'><strong>tum.</strong></span> <span class='ocrx_word' id='word_1_212' title='bbox 678 3753 973 3819; x_wconf 84' lang='lat' dir='ltr'><strong>Nomades,</strong></span> <span class='ocrx_word' id='word_1_213' title='bbox 1004 3774 1035 3808; x_wconf 84' lang='lat' dir='ltr'><strong>a</strong></span> <span class='ocrx_word' id='word_1_214' title='bbox 1057 3750 1426 3826; x_wconf 87' lang='lat' dir='ltr'><strong>permutandis</strong></span> <span class='ocrx_word' id='word_1_215' title='bbox 1452 3771 1545 3824; x_wconf 85' lang='lat' dir='ltr'><strong>pa-</strong></span> 
     </span>
     <span class='ocr_line' id='line_1_39' title="bbox 510 3832 1540 3906; baseline 0.002 -22"><span class='ocrx_word' id='word_1_216' title='bbox 510 3833 655 3888; x_wconf 82' lang='lat' dir='ltr'><strong>bulis</strong></span> <span class='ocrx_word' id='word_1_217' title='bbox 694 3835 975 3906; x_wconf 86' lang='lat' dir='ltr'><strong>appellati,</strong></span> <span class='ocrx_word' id='word_1_218' title='bbox 1010 3847 1070 3888; x_wconf 89' lang='lat' dir='ltr'><strong>ut</strong></span> <span class='ocrx_word' id='word_1_219' title='bbox 1100 3832 1307 3887; x_wconf 88' lang='lat' dir='ltr'><strong>dictum</strong></span> <span class='ocrx_word' id='word_1_220' title='bbox 1334 3844 1414 3886; x_wconf 82' lang='lat' dir='ltr'><strong>est</strong></span> <span class='ocrx_word' id='word_1_221' title='bbox 1442 3833 1540 3886; x_wconf 79' lang='lat' dir='ltr'><strong>lib.</strong></span> 
     </span>
     <span class='ocr_line' id='line_1_40' title="bbox 512 3912 1029 3985; baseline 0.006 -21"><span class='ocrx_word' id='word_1_222' title='bbox 512 3912 594 3979; x_wconf 87' lang='lat' dir='ltr'><strong>V,</strong></span> <span class='ocrx_word' id='word_1_223' title='bbox 618 3931 739 3985; x_wconf 87' lang='lat' dir='ltr'><strong>cap.</strong></span> <span class='ocrx_word' id='word_1_224' title='bbox 772 3933 823 3966; x_wconf 75' lang='lat' dir='ltr'><strong>a.</strong></span> <span class='ocrx_word' id='word_1_225' title='bbox 848 3913 1029 3967; x_wconf 59' lang='lat' dir='ltr'><strong>Ham).</strong></span> 
     </span>
    </p>

    <p class='ocr_par' dir='ltr' id='par_1_12' title="bbox 512 3993 1540 4144">
     <span class='ocr_line' id='line_1_41' title="bbox 594 3993 1539 4062; baseline -0.001 -17"><span class='ocrx_word' id='word_1_226' title='bbox 594 4011 649 4062; x_wconf 85' lang='lat'><strong>9.</strong></span> <span class='ocrx_word' id='word_1_227' title='bbox 671 3993 839 4057; x_wconf 75' lang='lat' dir='ltr'><strong>Citra,</strong></span> <span class='ocrx_word' id='word_1_228' title='bbox 864 3993 1071 4046; x_wconf 75' lang='lat' dir='ltr'><strong>deser-ta.</strong></span> <span class='ocrx_word' id='word_1_229' title='bbox 1092 3993 1177 4045; x_wconf 77' lang='lat' dir='ltr'><strong>Ab</strong></span> <span class='ocrx_word' id='word_1_230' title='bbox 1197 4009 1412 4054; x_wconf 86' lang='lat' dir='ltr'><strong>occasu,</strong></span> <span class='ocrx_word' id='word_1_231' title='bbox 1434 4010 1539 4062; x_wconf 87' lang='lat' dir='ltr'><strong>qua</strong></span> 
     </span>
     <span class='ocr_line' id='line_1_42' title="bbox 512 4069 1540 4144; baseline 0 -20"><span class='ocrx_word' id='word_1_232' title='bbox 512 4084 661 4142; x_wconf 80' lang='lat' dir='ltr'><strong>parte</strong></span> <span class='ocrx_word' id='word_1_233' title='bbox 704 4070 1045 4144; x_wconf 75' lang='lat' dir='ltr'><strong>contingunt</strong></span> <span class='ocrx_word' id='word_1_234' title='bbox 1067 4071 1291 4126; x_wconf 78' lang='lat' dir='ltr'><strong>Pratitas</strong></span> <span class='ocrx_word' id='word_1_235' title='bbox 1322 4069 1540 4135; x_wconf 86' lang='lat' dir='ltr'><strong>Medos,</strong></span> 
     </span>
    </p>
   </div>
   <div class='ocr_carea' id='block_1_6' title="bbox 1718 1541 2672 1743">
    <p class='ocr_par' dir='ltr' id='par_1_13' title="bbox 1718 1541 2672 1743">
     <span class='ocr_line' id='line_1_43' title="bbox 1718 1541 2672 1743; baseline 0.003 -28"><span class='ocrx_word' id='word_1_236' title='bbox 1718 1646 2236 1743; x_wconf 83' lang='lat' dir='ltr'><strong>Hecatompylos</strong></span> <span class='ocrx_word' id='word_1_237' title='bbox 2256 1700 2278 1735; x_wconf 99' lang='lat'><strong>,</strong></span> <span class='ocrx_word' id='word_1_238' title='bbox 2345 1541 2643 1718; x_wconf 58' lang='lat' dir='ltr'><strong>Arsaiiczii1¹</strong></span> <span class='ocrx_word' id='word_1_239' title='bbox 2648 1637 2672 1679; x_wconf 73' lang='lat'><strong>⁴</strong></span> 
     </span>
    </p>
   </div>
   <div class='ocr_carea' id='block_1_7' title="bbox 1627 1846 2678 4144">
    <p class='ocr_par' dir='ltr' id='par_1_14' title="bbox 1640 1846 2676 1997">
     <span class='ocr_line' id='line_1_44' title="bbox 1642 1846 2676 1918; baseline 0.002 -20"><span class='ocrx_word' id='word_1_240' title='bbox 1642 1846 1737 1917; x_wconf 79' lang='lat' dir='ltr'><strong>qni</strong></span> <span class='ocrx_word' id='word_1_241' title='bbox 1757 1859 1944 1900; x_wconf 90' lang='lat' dir='ltr'><strong>tenent</strong></span> <span class='ocrx_word' id='word_1_242' title='bbox 1953 1847 2170 1918; x_wconf 84' lang='lat' dir='ltr'><strong>Caspias</strong></span> <span class='ocrx_word' id='word_1_243' title='bbox 2179 1859 2378 1918; x_wconf 76' lang='lat' dir='ltr'><strong>portas.</strong></span> <span class='ocrx_word' id='word_1_244' title='bbox 2388 1847 2536 1902; x_wconf 83' lang='lat' dir='ltr'><strong>Vide</strong></span> <span class='ocrx_word' id='word_1_245' title='bbox 2551 1848 2676 1901; x_wconf 72' lang='lat' dir='ltr'><strong>libri</strong></span> 
     </span>
     <span class='ocr_line' id='line_1_45' title="bbox 1640 1925 2271 1997; baseline 0.002 -19"><span class='ocrx_word' id='word_1_246' title='bbox 1640 1925 1802 1996; x_wconf 83' lang='lat' dir='ltr'><strong>hujus</strong></span> <span class='ocrx_word' id='word_1_247' title='bbox 1821 1945 1937 1997; x_wconf 81' lang='lat' dir='ltr'><strong>cap.</strong></span> <span class='ocrx_word' id='word_1_248' title='bbox 1972 1945 2064 1997; x_wconf 83' lang='lat'><strong>17.</strong></span> <span class='ocrx_word' id='word_1_249' title='bbox 2088 1925 2271 1979; x_wconf 61' lang='lat' dir='ltr'><strong>Ham).</strong></span> 
     </span>
    </p>

    <p class='ocr_par' dir='ltr' id='par_1_15' title="bbox 1727 2005 2626 2078">
     <span class='ocr_line' id='line_1_46' title="bbox 1727 2005 2626 2078; baseline 0.001 -20"><span class='ocrx_word' id='word_1_250' title='bbox 1727 2023 1818 2060; x_wconf 75' lang='grc' dir='ltr'><strong>ιο.</strong></span> <span class='ocrx_word' id='word_1_251' title='bbox 1851 2007 1990 2074; x_wconf 75' lang='lat' dir='ltr'><strong>Quas</strong></span> <span class='ocrx_word' id='word_1_252' title='bbox 2013 2005 2241 2058; x_wconf 65' lang='lat' dir='ltr'><strong>distenas.</strong></span> <span class='ocrx_word' id='word_1_253' title='bbox 2269 2007 2403 2078; x_wconf 86' lang='lat' dir='ltr'><strong>Cap.</strong></span> <span class='ocrx_word' id='word_1_254' title='bbox 2441 2006 2626 2076; x_wconf 75' lang='lat'><strong>17.11.</strong></span> 
     </span>
    </p>

    <p class='ocr_par' dir='ltr' id='par_1_16' title="bbox 1637 2085 2674 2466">
     <span class='ocr_line' id='line_1_47' title="bbox 1725 2085 2672 2156; baseline 0.001 -19"><span class='ocrx_word' id='word_1_255' title='bbox 1725 2102 1814 2138; x_wconf 87' lang='lat'><strong>11.</strong></span> <span class='ocrx_word' id='word_1_256' title='bbox 1857 2086 2128 2154; x_wconf 78' lang='lat' dir='ltr'><strong>Europum.</strong></span> <span class='ocrx_word' id='word_1_257' title='bbox 2167 2085 2352 2140; x_wconf 82' lang='lat' dir='ltr'><strong>chiffl.</strong></span> <span class='ocrx_word' id='word_1_258' title='bbox 2399 2087 2672 2156; x_wconf 67' lang='lat' dir='ltr'><strong>Pyt-opu.</strong></span> 
     </span>
     <span class='ocr_line' id='line_1_48' title="bbox 1638 2165 2672 2236; baseline 0.002 -20"><span class='ocrx_word' id='word_1_259' title='bbox 1638 2165 1742 2216; x_wconf 88' lang='lat' dir='ltr'><strong>Eo.</strong></span> <span class='ocrx_word' id='word_1_260' title='bbox 1767 2197 1846 2209; x_wconf 91' lang='lat'><em>-</em></span> <span class='ocrx_word' id='word_1_261' title='bbox 1869 2165 2088 2229; x_wconf 84' lang='lat' dir='ltr'><strong>Strabo,</strong></span> <span class='ocrx_word' id='word_1_262' title='bbox 2116 2165 2212 2219; x_wconf 87' lang='lat' dir='ltr'><strong>lib.</strong></span> <span class='ocrx_word' id='word_1_263' title='bbox 2239 2166 2358 2231; x_wconf 85' lang='lat' dir='ltr'><strong>XI,</strong></span> <span class='ocrx_word' id='word_1_264' title='bbox 2379 2184 2500 2236; x_wconf 74' lang='lat' dir='ltr'><strong>pag.</strong></span> <span class='ocrx_word' id='word_1_265' title='bbox 2533 2166 2672 2228; x_wconf 74' lang='lat'><strong>524,</strong></span> 
     </span>
     <span class='ocr_line' id='line_1_49' title="bbox 1639 2233 2674 2315; baseline 0.002 -19"><span class='ocrx_word' id='word_1_266' title='bbox 1639 2243 1696 2296; x_wconf 89' lang='lat' dir='ltr'><strong>in</strong></span> <span class='ocrx_word' id='word_1_267' title='bbox 1721 2243 1901 2298; x_wconf 79' lang='lat' dir='ltr'><strong>Media</strong></span> <span class='ocrx_word' id='word_1_268' title='bbox 1925 2233 2136 2315; x_wconf 53' lang='lat' dir='ltr'><strong>Pirum</strong></span> <span class='ocrx_word' id='word_1_269' title='bbox 2161 2245 2328 2307; x_wconf 83' lang='lat' dir='ltr'><strong>locat,</strong></span> <span class='ocrx_word' id='word_1_270' title='bbox 2353 2263 2384 2296; x_wconf 82' lang='lat' dir='ltr'><strong>a</strong></span> <span class='ocrx_word' id='word_1_271' title='bbox 2409 2245 2674 2298; x_wconf 80' lang='lat' dir='ltr'><strong>Nicatore</strong></span> 
     </span>
     <span class='ocr_line' id='line_1_50' title="bbox 1637 2316 2675 2397; baseline 0.002 -21"><span class='ocrx_word' id='word_1_272' title='bbox 1637 2323 1918 2377; x_wconf 86' lang='lat' dir='ltr'><strong>conditore</strong></span> <span class='ocrx_word' id='word_1_273' title='bbox 1935 2325 2195 2390; x_wconf 60' lang='lat' dir='ltr'><strong>Enipei-trev,</strong></span> <span class='ocrx_word' id='word_1_274' title='bbox 2223 2343 2255 2376; x_wconf 86' lang='lat' dir='ltr'><strong>a</strong></span> <span class='ocrx_word' id='word_1_275' title='bbox 2274 2324 2486 2386; x_wconf 77' lang='lat' dir='ltr'><strong>Parthis</strong></span> <span class='ocrx_word' id='word_1_276' title='bbox 2506 2316 2675 2397; x_wconf 66' lang='grc' dir='ltr'>Ᾰρσα-</span> 
     </span>
     <span class='ocr_line' id='line_1_51' title="bbox 1637 2399 2290 2466; baseline 0 -10"><span class='ocrx_word' id='word_1_277' title='bbox 1637 2421 1747 2456; x_wconf 72' lang='grc' dir='ltr'><strong>κιαν</strong></span> <span class='ocrx_word' id='word_1_278' title='bbox 1773 2404 2077 2459; x_wconf 74' lang='lat' dir='ltr'><strong>vocitatam.</strong></span> <span class='ocrx_word' id='word_1_279' title='bbox 2107 2399 2290 2466; x_wconf 61' lang='lat' dir='ltr'><strong>Hanu-</strong></span> 
     </span>
    </p>

    <p class='ocr_par' dir='ltr' id='par_1_17' title="bbox 1633 2482 2678 3189">
     <span class='ocr_line' id='line_1_52' title="bbox 1725 2482 2668 2548; baseline 0.002 -14"><span class='ocrx_word' id='word_1_280' title='bbox 1725 2500 1812 2534; x_wconf 80' lang='lat'><strong>12.</strong></span> <span class='ocrx_word' id='word_1_281' title='bbox 1869 2483 2065 2548; x_wconf 61' lang='lat' dir='ltr'><strong>Mania.</strong></span> <span class='ocrx_word' id='word_1_282' title='bbox 2121 2483 2205 2535; x_wconf 82' lang='lat' dir='ltr'><strong>Ita</strong></span> <span class='ocrx_word' id='word_1_283' title='bbox 2253 2482 2410 2540; x_wconf 74' lang='lat' dir='ltr'><strong>MSS.</strong></span> <span class='ocrx_word' id='word_1_284' title='bbox 2465 2501 2668 2538; x_wconf 76' lang='lat' dir='ltr'><strong>omnes.</strong></span> 
     </span>
     <span class='ocr_line' id='line_1_53' title="bbox 1635 2561 2672 2633; baseline 0 -19"><span class='ocrx_word' id='word_1_285' title='bbox 1635 2561 1818 2620; x_wconf 77' lang='lat' dir='ltr'><strong>Chim.</strong></span> <span class='ocrx_word' id='word_1_286' title='bbox 1851 2561 2039 2620; x_wconf 74' lang='lat' dir='ltr'><strong>Maria.</strong></span> <span class='ocrx_word' id='word_1_287' title='bbox 2072 2562 2232 2622; x_wconf 82' lang='lat' dir='ltr'><strong>Forte</strong></span> <span class='ocrx_word' id='word_1_288' title='bbox 2277 2562 2470 2628; x_wconf 74' lang='grc' dir='ltr'><strong>Ζανία,</strong></span> <span class='ocrx_word' id='word_1_289' title='bbox 2508 2581 2672 2633; x_wconf 76' lang='lat' dir='ltr'><strong>quam</strong></span> 
     </span>
     <span class='ocr_line' id='line_1_54' title="bbox 1635 2639 2678 2712; baseline 0.003 -20"><span class='ocrx_word' id='word_1_290' title='bbox 1635 2639 1831 2694; x_wconf 63' lang='lat' dir='ltr'><strong>Medias</strong></span> <span class='ocrx_word' id='word_1_291' title='bbox 1851 2639 2065 2712; x_wconf 82' lang='lat' dir='ltr'><strong>oppidis</strong></span> <span class='ocrx_word' id='word_1_292' title='bbox 2083 2639 2486 2697; x_wconf 80' lang='lat' dir='ltr'><strong>mediterraneis</strong></span> <span class='ocrx_word' id='word_1_293' title='bbox 2503 2641 2678 2698; x_wconf 85' lang='lat' dir='ltr'><strong>Ptole-</strong></span> 
     </span>
     <span class='ocr_line' id='line_1_55' title="bbox 1635 2719 2669 2792; baseline 0 -20"><span class='ocrx_word' id='word_1_294' title='bbox 1635 2737 1804 2772; x_wconf 65' lang='lat' dir='ltr'><strong>meus</strong></span> <span class='ocrx_word' id='word_1_295' title='bbox 1829 2734 2107 2784; x_wconf 79' lang='lat' dir='ltr'><strong>accenset,</strong></span> <span class='ocrx_word' id='word_1_296' title='bbox 2147 2719 2248 2774; x_wconf 87' lang='lat' dir='ltr'><strong>lib.</strong></span> <span class='ocrx_word' id='word_1_297' title='bbox 2288 2721 2404 2787; x_wconf 75' lang='lat' dir='ltr'><strong>vt,</strong></span> <span class='ocrx_word' id='word_1_298' title='bbox 2433 2739 2560 2792; x_wconf 81' lang='lat' dir='ltr'><strong>cap.</strong></span> <span class='ocrx_word' id='word_1_299' title='bbox 2591 2741 2620 2772; x_wconf 80' lang='lat'>2</span> <span class='ocrx_word' id='word_1_300' title='bbox 2650 2754 2669 2784; x_wconf 89' lang='lat'><strong>,</strong></span> 
     </span>
     <span class='ocr_line' id='line_1_56' title="bbox 1636 2799 2678 2867; baseline 0.001 -16"><span class='ocrx_word' id='word_1_301' title='bbox 1636 2800 1720 2852; x_wconf 79' lang='lat' dir='ltr'><strong>vel</strong></span> <span class='ocrx_word' id='word_1_302' title='bbox 1743 2800 1989 2854; x_wconf 83' lang='lat' dir='ltr'><strong>Genonia</strong></span> <span class='ocrx_word' id='word_1_303' title='bbox 2007 2799 2313 2867; x_wconf 82' lang='lat' dir='ltr'><strong>Ammiani,</strong></span> <span class='ocrx_word' id='word_1_304' title='bbox 2333 2800 2432 2852; x_wconf 84' lang='lat' dir='ltr'><strong>lib.</strong></span> <span class='ocrx_word' id='word_1_305' title='bbox 2455 2799 2678 2865; x_wconf 80' lang='lat' dir='ltr'><strong>xxm,</strong></span> 
     </span>
     <span class='ocr_line' id='line_1_57' title="bbox 1636 2877 2674 2951; baseline 0.002 -21"><span class='ocrx_word' id='word_1_306' title='bbox 1636 2896 1756 2951; x_wconf 77' lang='lat' dir='ltr'><strong>pag.</strong></span> <span class='ocrx_word' id='word_1_307' title='bbox 1795 2879 1948 2944; x_wconf 72' lang='lat'><strong>254:</strong></span> <span class='ocrx_word' id='word_1_308' title='bbox 1979 2877 2194 2943; x_wconf 62' lang='lat' dir='ltr'><strong>«Eme,</strong></span> <span class='ocrx_word' id='word_1_309' title='bbox 2221 2879 2434 2950; x_wconf 85' lang='lat' dir='ltr'><strong>inquit,</strong></span> <span class='ocrx_word' id='word_1_310' title='bbox 2461 2880 2674 2949; x_wconf 77' lang='lat' dir='ltr'><strong>potiora</strong></span> 
     </span>
     <span class='ocr_line' id='line_1_58' title="bbox 1635 2957 2672 3029; baseline 0.003 -20"><span class='ocrx_word' id='word_1_311' title='bbox 1635 2971 1759 3012; x_wconf 87' lang='lat' dir='ltr'><strong>sunt</strong></span> <span class='ocrx_word' id='word_1_312' title='bbox 1785 2957 2110 3012; x_wconf 83' lang='lat' dir='ltr'><strong>Parthorum</strong></span> <span class='ocrx_word' id='word_1_313' title='bbox 2131 2957 2371 3029; x_wconf 82' lang='lat' dir='ltr'><strong>oppida:</strong></span> <span class='ocrx_word' id='word_1_314' title='bbox 2393 2957 2672 3023; x_wconf 79' lang='lat' dir='ltr'><strong>Genonia,</strong></span> 
     </span>
     <span class='ocr_line' id='line_1_59' title="bbox 1633 3036 2672 3108; baseline 0.002 -18"><span class='ocrx_word' id='word_1_315' title='bbox 1633 3036 1820 3090; x_wconf 78' lang='lat' dir='ltr'><strong>Moesia</strong></span> <span class='ocrx_word' id='word_1_316' title='bbox 1830 3077 1847 3104; x_wconf 91' lang='lat'><strong>,</strong></span> <span class='ocrx_word' id='word_1_317' title='bbox 1861 3039 2087 3102; x_wconf 82' lang='lat' dir='ltr'><strong>Charax,</strong></span> <span class='ocrx_word' id='word_1_318' title='bbox 2100 3038 2324 3108; x_wconf 79' lang='lat' dir='ltr'><strong>Apamia</strong></span> <span class='ocrx_word' id='word_1_319' title='bbox 2339 3077 2356 3103; x_wconf 86' lang='lat'><strong>,</strong></span> <span class='ocrx_word' id='word_1_320' title='bbox 2373 3039 2640 3092; x_wconf 78' lang='lat' dir='ltr'><strong>Artacana</strong></span> <span class='ocrx_word' id='word_1_321' title='bbox 2653 3077 2672 3103; x_wconf 86' lang='lat'><strong>,</strong></span> 
     </span>
     <span class='ocr_line' id='line_1_60' title="bbox 1633 3115 2576 3189; baseline 0 -19"><span class='ocrx_word' id='word_1_322' title='bbox 1633 3129 1689 3170; x_wconf 86' lang='lat' dir='ltr'><strong>et</strong></span> <span class='ocrx_word' id='word_1_323' title='bbox 1711 3117 2144 3189; x_wconf 75' lang='lat' dir='ltr'><strong>Hecatompylos.</strong></span> <span class='ocrx_word' id='word_1_324' title='bbox 2162 3115 2348 3169; x_wconf 68' lang='lat' dir='ltr'><strong>Ham).</strong></span> <span class='ocrx_word' id='word_1_325' title='bbox 2378 3129 2439 3168; x_wconf 82' lang='lat' dir='ltr'><strong>et</strong></span> <span class='ocrx_word' id='word_1_326' title='bbox 2465 3115 2576 3170; x_wconf 84' lang='lat' dir='ltr'><strong>En.</strong></span> 
     </span>
    </p>

    <p class='ocr_par' dir='ltr' id='par_1_18' title="bbox 1720 3191 2671 3252">
     <span class='ocr_line' id='line_1_61' title="bbox 1720 3191 2671 3252; baseline 0 0"><span class='ocrx_word' id='word_1_327' title='bbox 1720 3217 1744 3252; x_wconf 85' lang='lat'>1</span> <span class='ocrx_word' id='word_1_328' title='bbox 1757 3199 1812 3252; x_wconf 83' lang='lat'><strong>3.</strong></span> <span class='ocrx_word' id='word_1_329' title='bbox 1826 3197 1888 3250; x_wconf 79' lang='lat' dir='ltr'><strong>In</strong></span> <span class='ocrx_word' id='word_1_330' title='bbox 1903 3197 2076 3250; x_wconf 69' lang='lat' dir='ltr'><strong>medab.</strong></span> <span class='ocrx_word' id='word_1_331' title='bbox 2091 3196 2276 3250; x_wconf 84' lang='lat' dir='ltr'><strong>chiffl.</strong></span> <span class='ocrx_word' id='word_1_332' title='bbox 2291 3191 2344 3248; x_wconf 65' lang='lat' dir='ltr'><strong>ia</strong></span> <span class='ocrx_word' id='word_1_333' title='bbox 2357 3195 2671 3252; x_wconf 60' lang='lat' dir='ltr'><strong>MedhAEn.</strong></span> 
     </span>
    </p>

    <p class='ocr_par' dir='ltr' id='par_1_19' title="bbox 1627 3276 2674 4144">
     <span class='ocr_line' id='line_1_62' title="bbox 1721 3276 2669 3346; baseline 0.001 -17"><span class='ocrx_word' id='word_1_334' title='bbox 1721 3283 1810 3340; x_wconf 72' lang='grc'><strong>14.</strong></span> <span class='ocrx_word' id='word_1_335' title='bbox 1840 3278 2050 3330; x_wconf 79' lang='lat' dir='ltr'><strong>Arsaeoe</strong></span> <span class='ocrx_word' id='word_1_336' title='bbox 2073 3278 2229 3346; x_wconf 65' lang='lat' dir='ltr'><strong>ugia.</strong></span> <span class='ocrx_word' id='word_1_337' title='bbox 2259 3276 2412 3328; x_wconf 85' lang='lat' dir='ltr'><strong>Libri</strong></span> <span class='ocrx_word' id='word_1_338' title='bbox 2441 3295 2630 3330; x_wconf 78' lang='lat' dir='ltr'><strong>omnes</strong></span> <span class='ocrx_word' id='word_1_339' title='bbox 2651 3315 2669 3342; x_wconf 91' lang='lat'><strong>,</strong></span> 
     </span>
     <span class='ocr_line' id='line_1_63' title="bbox 1635 3353 2674 3418; baseline -0.002 -10"><span class='ocrx_word' id='word_1_340' title='bbox 1635 3367 1754 3408; x_wconf 87' lang='lat' dir='ltr'><strong>tum</strong></span> <span class='ocrx_word' id='word_1_341' title='bbox 1775 3353 1931 3416; x_wconf 82' lang='lat' dir='ltr'><strong>editi,</strong></span> <span class='ocrx_word' id='word_1_342' title='bbox 1971 3369 2088 3410; x_wconf 88' lang='lat' dir='ltr'><strong>tum</strong></span> <span class='ocrx_word' id='word_1_343' title='bbox 2111 3374 2276 3409; x_wconf 82' lang='lat' dir='ltr'><strong>manu</strong></span> <span class='ocrx_word' id='word_1_344' title='bbox 2310 3356 2539 3418; x_wconf 72' lang='lat' dir='ltr'><strong>erar-ati,</strong></span> <span class='ocrx_word' id='word_1_345' title='bbox 2569 3356 2674 3408; x_wconf 51' lang='lat' dir='ltr'><strong>Aa</strong></span> 
     </span>
     <span class='ocr_line' id='line_1_64' title="bbox 1631 3434 2670 3506; baseline -0.001 -18"><span class='ocrx_word' id='word_1_346' title='bbox 1631 3455 1744 3488; x_wconf 72' lang='lat' dir='ltr'><strong>saec</strong></span> <span class='ocrx_word' id='word_1_347' title='bbox 1756 3476 1774 3501; x_wconf 86' lang='lat'>‚</span> <span class='ocrx_word' id='word_1_348' title='bbox 1805 3440 1943 3506; x_wconf 72' lang='lat' dir='ltr'><strong>regia</strong></span> <span class='ocrx_word' id='word_1_349' title='bbox 1963 3437 2164 3498; x_wconf 62' lang='lat' dir='ltr'><strong>Nesea,</strong></span> <span class='ocrx_word' id='word_1_350' title='bbox 2207 3434 2483 3488; x_wconf 76' lang='lat' dir='ltr'><strong>exhihent.</strong></span> <span class='ocrx_word' id='word_1_351' title='bbox 2512 3436 2670 3488; x_wconf 75' lang='lat' dir='ltr'><strong>Arsa-</strong></span> 
     </span>
     <span class='ocr_line' id='line_1_65' title="bbox 1633 3513 2671 3585; baseline 0.002 -19"><span class='ocrx_word' id='word_1_352' title='bbox 1633 3519 1712 3568; x_wconf 76' lang='lat' dir='ltr'><strong>cia</strong></span> <span class='ocrx_word' id='word_1_353' title='bbox 1723 3546 1740 3575; x_wconf 79' lang='lat'><strong>‚</strong></span> <span class='ocrx_word' id='word_1_354' title='bbox 1756 3521 1892 3585; x_wconf 70' lang='lat' dir='ltr'><strong>regio</strong></span> <span class='ocrx_word' id='word_1_355' title='bbox 1904 3515 2076 3570; x_wconf 67' lang='lat' dir='ltr'><strong>Nesea</strong></span> <span class='ocrx_word' id='word_1_356' title='bbox 2087 3555 2105 3580; x_wconf 87' lang='lat'>‚</span> <span class='ocrx_word' id='word_1_357' title='bbox 2122 3513 2333 3585; x_wconf 81' lang='lat' dir='ltr'><strong>scripsit</strong></span> <span class='ocrx_word' id='word_1_358' title='bbox 2349 3513 2671 3570; x_wconf 77' lang='lat' dir='ltr'><strong>Hermolaus</strong></span> 
     </span>
     <span class='ocr_line' id='line_1_66' title="bbox 1632 3594 2658 3666; baseline -0.001 -18"><span class='ocrx_word' id='word_1_359' title='bbox 1632 3613 1948 3665; x_wconf 82' lang='lat' dir='ltr'><strong>perperam:</strong></span> <span class='ocrx_word' id='word_1_360' title='bbox 1971 3613 2140 3666; x_wconf 86' lang='lat' dir='ltr'><strong>quum</strong></span> <span class='ocrx_word' id='word_1_361' title='bbox 2165 3595 2310 3646; x_wconf 88' lang='lat' dir='ltr'><strong>enim</strong></span> <span class='ocrx_word' id='word_1_362' title='bbox 2342 3594 2564 3647; x_wconf 81' lang='lat' dir='ltr'><strong>Arsacia</strong></span> <span class='ocrx_word' id='word_1_363' title='bbox 2587 3595 2658 3647; x_wconf 80' lang='lat' dir='ltr'><strong>ab</strong></span> 
     </span>
     <span class='ocr_line' id='line_1_67' title="bbox 1629 3673 2664 3745; baseline 0 -19"><span class='ocrx_word' id='word_1_364' title='bbox 1629 3674 1882 3745; x_wconf 72' lang='lat' dir='ltr'><strong>Eur-opo,</strong></span> <span class='ocrx_word' id='word_1_365' title='bbox 1923 3687 1984 3728; x_wconf 87' lang='lat' dir='ltr'><strong>ut</strong></span> <span class='ocrx_word' id='word_1_366' title='bbox 2009 3673 2242 3727; x_wconf 80' lang='lat' dir='ltr'><strong>diximus</strong></span> <span class='ocrx_word' id='word_1_367' title='bbox 2265 3691 2329 3727; x_wconf 84' lang='lat' dir='ltr'><strong>ex</strong></span> <span class='ocrx_word' id='word_1_368' title='bbox 2358 3673 2664 3735; x_wconf 85' lang='lat' dir='ltr'><strong>Strabone,</strong></span> 
     </span>
     <span class='ocr_line' id='line_1_68' title="bbox 1629 3751 2668 3824; baseline 0.001 -19"><span class='ocrx_word' id='word_1_369' title='bbox 1629 3752 1840 3806; x_wconf 84' lang='lat' dir='ltr'><strong>diversa</strong></span> <span class='ocrx_word' id='word_1_370' title='bbox 1873 3773 1984 3807; x_wconf 89' lang='lat' dir='ltr'><strong>non</strong></span> <span class='ocrx_word' id='word_1_371' title='bbox 2023 3752 2091 3807; x_wconf 86' lang='lat' dir='ltr'><strong>sit</strong></span> <span class='ocrx_word' id='word_1_372' title='bbox 2140 3771 2156 3806; x_wconf 74' lang='grc' dir='ltr'><strong><em>ε</em></strong></span> <span class='ocrx_word' id='word_1_373' title='bbox 2197 3751 2564 3824; x_wconf 83' lang='lat' dir='ltr'><strong>nequidquam</strong></span> <span class='ocrx_word' id='word_1_374' title='bbox 2601 3771 2668 3806; x_wconf 77' lang='lat' dir='ltr'><strong>ea</strong></span> 
     </span>
     <span class='ocr_line' id='line_1_69' title="bbox 1628 3831 2664 3906; baseline -0.004 -20"><span class='ocrx_word' id='word_1_375' title='bbox 1628 3831 1990 3905; x_wconf 81' lang='lat' dir='ltr'><strong>distinguente</strong></span> <span class='ocrx_word' id='word_1_376' title='bbox 2030 3833 2352 3898; x_wconf 64' lang='lat' dir='ltr'><strong>Ptolemae,</strong></span> <span class='ocrx_word' id='word_1_377' title='bbox 2401 3831 2501 3884; x_wconf 78' lang='lat' dir='ltr'><strong>lib.</strong></span> <span class='ocrx_word' id='word_1_378' title='bbox 2543 3831 2624 3882; x_wconf 84' lang='lat' dir='ltr'><strong>vl</strong></span> <span class='ocrx_word' id='word_1_379' title='bbox 2645 3869 2664 3906; x_wconf 80' lang='lat'><strong>,</strong></span> 
     </span>
     <span class='ocr_line' id='line_1_70' title="bbox 1629 3913 2666 3984; baseline -0.004 -18"><span class='ocrx_word' id='word_1_380' title='bbox 1629 3931 1746 3984; x_wconf 81' lang='lat' dir='ltr'><strong>cap.</strong></span> <span class='ocrx_word' id='word_1_381' title='bbox 1775 3931 1804 3964; x_wconf 75' lang='lat' dir='ltr'><strong>a</strong></span> <span class='ocrx_word' id='word_1_382' title='bbox 1821 3951 1838 3976; x_wconf 94' lang='lat'><strong>,</strong></span> <span class='ocrx_word' id='word_1_383' title='bbox 1862 3926 1916 3965; x_wconf 89' lang='lat' dir='ltr'><strong>et</strong></span> <span class='ocrx_word' id='word_1_384' title='bbox 1955 3913 2049 3984; x_wconf 83' lang='lat' dir='ltr'><strong>qui</strong></span> <span class='ocrx_word' id='word_1_385' title='bbox 2073 3913 2424 3966; x_wconf 71' lang='lat' dir='ltr'><strong>Ptolemaeum</strong></span> <span class='ocrx_word' id='word_1_386' title='bbox 2451 3927 2666 3982; x_wconf 73' lang='lat' dir='ltr'><strong>semper</strong></span> 
     </span>
     <span class='ocr_line' id='line_1_71' title="bbox 1627 3991 2662 4063; baseline -0.001 -18"><span class='ocrx_word' id='word_1_387' title='bbox 1627 3991 1868 4063; x_wconf 85' lang='lat' dir='ltr'><strong>sequitur</strong></span> <span class='ocrx_word' id='word_1_388' title='bbox 1887 4031 1904 4052; x_wconf 88' lang='lat'><strong>,</strong></span> <span class='ocrx_word' id='word_1_389' title='bbox 1959 3992 2245 4044; x_wconf 81' lang='lat' dir='ltr'><strong>Ammiano</strong></span> <span class='ocrx_word' id='word_1_390' title='bbox 2273 4008 2288 4043; x_wconf 87' lang='lat'><strong>:</strong></span> <span class='ocrx_word' id='word_1_391' title='bbox 2319 3992 2531 4043; x_wconf 63' lang='lat' dir='ltr'><strong>haam</strong></span> <span class='ocrx_word' id='word_1_392' title='bbox 2571 4007 2662 4060; x_wconf 70' lang='lat' dir='ltr'><strong>qu·</strong></span> 
     </span>
     <span class='ocr_line' id='line_1_72' title="bbox 1629 4066 2660 4144; baseline -0.003 -20"><span class='ocrx_word' id='word_1_393' title='bbox 1629 4084 1734 4125; x_wconf 88' lang='lat' dir='ltr'><strong>tem</strong></span> <span class='ocrx_word' id='word_1_394' title='bbox 1760 4109 1780 4140; x_wconf 82' lang='lat'><strong>,</strong></span> <span class='ocrx_word' id='word_1_395' title='bbox 1825 4072 1986 4143; x_wconf 85' lang='lat' dir='ltr'><strong>primi</strong></span> <span class='ocrx_word' id='word_1_396' title='bbox 2032 4071 2356 4125; x_wconf 80' lang='lat' dir='ltr'><strong>Parthorum</strong></span> <span class='ocrx_word' id='word_1_397' title='bbox 2396 4066 2612 4143; x_wconf 74' lang='lat' dir='ltr'><strong>tyranni</strong></span> <span class='ocrx_word' id='word_1_398' title='bbox 2640 4107 2660 4144; x_wconf 71' lang='lat'><strong>,</strong></span> 
     </span>
    </p>
   </div>
  </div>
 </body>
</html>
