2950 5017
442 451 487 523 8
963 449 1040 518 C.
1096 446 1444 517 PLINII
1501 443 1721 515 NAT.
1776 443 2040 513 HIST.

438 580 702 677 Oppida
742 580 968 651 omnia
1003 565 1323 649 numero⁴
1362 600 1607 648 cmxxv.
1651 578 1733 646 In
1760 577 1838 646 iis
1856 560 1881 599 ⁵
1916 573 2192 645 colouiae
2211 598 2316 663 lx,
2356 573 2574 642 muni-

436 690 609 783 cipia
647 712 819 773 vm,
862 672 1092 757 Latio⁶
1133 685 1498 779 antiquitus
1549 682 1796 753 donata
1848 704 2020 751 xxtx
2040 733 2063 768 ‚
2123 680 2424 749 libertate
2463 704 2536 749 v1
2555 732 2575 765 ,

434 794 687 865 foedere
734 817 861 880 111,
909 791 1332 888 stipendiaria
1366 813 1499 861 cxx
1515 790 1562 860 ⁷.
1610 792 1715 859 Ex
1761 789 1864 857 his
1915 787 2119 883 digna
2163 800 2577 873 memoratu,

504 973 558 1033 4.
608 970 825 1017 Numero
857 968 1097 1021 CLXXV.
1130 962 1218 1017 Sic
1241 960 1462 1015 Martia·

434 1061 568 1110 nus,
596 1043 689 1096 lib.
711 1043 794 1094 VI
812 1080 828 1107 ‚
852 1060 969 1113 cap.
991 1041 1061 1094 de
1088 1040 1372 1113 Hispania,
1399 1059 1460 1113 p.

434 1123 537 1178 003
558 1160 575 1187 ,
611 1122 839 1195 librique
854 1140 1055 1175 omnes.

506 1204 557 1258 5.
582 1209 644 1256 In
665 1205 727 1256 iis
754 1205 964 1255 eolonioe
980 1206 1079 1253 IX.
1107 1200 1373 1255 Numeros
1395 1216 1463 1254 ex

434 1280 545 1336 fide
578 1278 887 1334 eorumdem
936 1279 1183 1334 codicum
1230 1276 1464 1330 restitui-

434 1379 559 1415 mus
577 1378 591 1414 ε
612 1362 894 1415 Coloniam
909 1370 961 1413 et
964 1360 1161 1431 foedere
1170 1376 1241 1411 ιιι
1260 1394 1276 1421 ,
1290 1374 1462 1429 quum

434 1439 587 1520 prius
610 1451 733 1493 octo
759 1450 967 1493 tantum
990 1438 1214 1491 colonia
1228 1474 1245 1501 ,
1267 1435 1464 1489 foedere

434 1518 633 1575 donata
658 1530 865 1573 tautum
904 1516 1101 1591 oppida
1133 1516 1245 1569 duo
1281 1534 1464 1569 cense-

433 1606 649 1651 rentur:
668 1596 727 1650 id
740 1594 888 1668 quod
902 1614 1027 1649 cum
1038 1594 1311 1666 superiore
1325 1612 1467 1646 sum-

434 1692 525 1729 ma
547 1674 873 1749 oppidorum
894 1675 1114 1729 omnino
1137 1692 1303 1729 cmxxv
1326 1684 1465 1727 stare

436 1755 638 1827 nequit.
666 1753 837 1809 Porro
860 1752 931 1807 de
952 1754 1284 1807 coloniarum
1312 1765 1468 1807 caete·

436 1852 736 1906 rorumque
778 1836 899 1907 jure
953 1832 1071 1887 haec
1119 1833 1314 1905 accipe.
1341 1832 1469 1885 Post

435 1911 757 1967 diuturnum
778 1914 980 1967 bellum
1001 1912 1229 1967 Romani
1251 1913 1468 1969 Latinos

436 2009 542 2071 pro
568 1992 721 2047 sociis
738 2004 791 2047 et
806 1992 991 2047 amicis
1016 1991 1115 2045 sibi
1151 1989 1427 2050 adscivere
1450 2010 1469 2058 3

439 2068 569 2124 dato
600 2074 747 2145 jure,
782 2083 844 2132 ut
870 2072 927 2124 in
954 2070 1096 2124 bello
1129 2071 1366 2123 romanis
1392 2070 1471 2122 le·

438 2150 687 2221 gionibus
707 2149 958 2228 permixti
976 2150 1293 2214 militarent,
1320 2162 1373 2203 et
1394 2148 1471 2201 ibi

440 2230 778 2302 magistratus
796 2229 1079 2300 officiaque
1093 2246 1295 2300 gerere,
1307 2240 1358 2282 et
1376 2228 1475 2282 ho-

438 2326 601 2363 nores
624 2309 870 2382 accipere
890 2307 1163 2362 communi
1198 2310 1322 2380 jure
1350 2325 1472 2379 pos·

444 2401 563 2442 sent
584 2407 599 2441 :
624 2388 718 2443 sed
744 2406 855 2445 non
881 2391 1060 2447 Roma
1096 2399 1273 2441 tamen
1296 2399 1474 2460 petere

442 2467 794 2540 magistratus,
813 2478 903 2520 aut
913 2486 1095 2539 gerere
1102 2464 1289 2521 iisdem
1302 2467 1475 2533 licuit,

444 2558 508 2600 ut
516 2548 845 2620 apertissime
858 2546 1065 2600 Plinius
1082 2544 1313 2612 docet‚l.
1335 2547 1445 2599 vn
1456 2584 1473 2611 ,

442 2646 566 2700 cap.
584 2628 685 2701 433
711 2646 811 2681 nec
831 2638 1088 2699 repugnat
1103 2625 1388 2689 Asconius,
1406 2626 1476 2680 de

442 2724 551 2778 quo
570 2707 849 2777 sigonium
868 2705 991 2759 vide
1022 2744 1039 2771 ,
1085 2704 1153 2758 de
1176 2706 1340 2777 antiq.
1355 2708 1480 2780 jure

440 2786 805 2853 Italiae,lib.1‚
830 2804 947 2857 cap.
979 2793 1044 2854 4,
1072 2804 1124 2857 p.
1157 2788 1275 2840 123.
1303 2789 1478 2859 Atque

442 2863 499 2917 id
516 2868 603 2937 jus
616 2864 831 2937 quidem
845 2902 863 2927 ,
878 2864 1001 2937 quia
1022 2866 1226 2919 Latinis
1239 2867 1475 2938 primum

441 2960 755 2997 concessum
776 2984 793 3011 ,
828 2946 917 3018 jus
968 2948 1100 2995 Latii
1132 2944 1478 3016 appellatum.

439 3022 565 3075 Post
610 3034 792 3075 tamen
839 3035 892 3078 et
939 3023 1183 3095 suffragii
1228 3024 1284 3076 in
1330 3024 1480 3078 Urbe

442 3100 653 3155 ferendi
670 3140 685 3166 ,
700 3102 1025 3175 creandique
1034 3104 1376 3176 magistratus
1390 3101 1480 3157 da-

442 3180 492 3233 ri
516 3180 619 3233 sibi
646 3182 737 3256 jus
772 3182 1112 3253 postularunt
1132 3222 1150 3248 ,
1178 3192 1345 3254 utque
1381 3199 1480 3253 pro

444 3259 648 3313 civibus
686 3261 920 3316 romanis
958 3259 1073 3332 pari
1109 3279 1235 3317 cum
1274 3260 1477 3315 caeteris

439 3341 562 3411 jure
576 3339 912 3396 haberentur.
924 3341 1259 3412 Impertitum
1274 3353 1327 3394 et
1341 3340 1477 3393 illud

444 3416 641 3472 deinde
652 3420 1003 3493 prerogativa
1020 3418 1247 3491 quadam
1263 3419 1478 3499 populis

444 3497 652 3570 aliquot
686 3498 877 3552 exteris
895 3537 912 3564 ,
936 3516 1075 3576 {egre
1096 3510 1296 3565 tamen,
1322 3516 1478 3553 voea—

442 3588 667 3649 tumque
678 3580 1290 3647 jeesdoiummmanomm.
1304 3578 1474 3631 Vetus

442 3674 575 3710 vero
589 3659 678 3729 jus
694 3656 763 3711 ad
774 3654 1060 3715 discrimen
1077 3656 1302 3729 hujusce
1320 3656 1473 3721 novi,

430 3738 524 3805 jus
558 3739 812 3804 antiquum
845 3738 1000 3799 Latii,
1027 3749 1079 3790 et
1101 3737 1313 3790 Latium
1340 3739 1473 3787 anti-

444 3817 609 3881 quitus
625 3812 831 3868 dictum
858 3826 969 3869 est:
992 3814 1288 3887 datumque
1328 3814 1474 3879 idem

437 3902 528 4025 {us
566 3892 729 3967 longo
764 3905 887 3967 post
931 3905 1169 3965 ternpore
1216 3893 1477 3950 universo

478 3973 645 4041 taliaes
672 3970 817 4027 unde
844 3972 1083 4027 italicum
1102 3975 1195 4047 jus
1222 3972 1331 4027 dici
1366 3992 1480 4027 cos-

450 4064 621 4125 ptum.
653 4052 837 4119 Quum
863 4052 1004 4113 cives
1022 4090 1039 4117 ,
1074 4052 1341 4109 militesve
1367 4054 1475 4107 alio

1553 958 1906 1027 deducerent,
1947 969 2008 1013 ut
2027 977 2087 1013 ea
2106 957 2402 1012 incolerent
2421 958 2542 1011 loca
2555 994 2577 1021 ,

1554 1040 1812 1091 coloniam
1830 1038 2094 1092 vocabant
2113 1055 2128 1091 ε
2153 1040 2472 1106 Municipium
2489 1055 2580 1091 ve·

1550 1138 1615 1174 ro
1628 1160 1644 1185 ,
1666 1140 1834 1195 quum
1853 1122 1956 1175 loci
1975 1122 2198 1194 alicujus
2211 1122 2477 1194 indigenis
2491 1120 2582 1194 jus

1550 1200 1685 1255 illud
1717 1201 1954 1256 italicum
1969 1238 1990 1268 ‚
2033 1203 2119 1257 vel
2162 1202 2359 1255 civium
2403 1217 2586 1257 romn-

1551 1298 1746 1333 norum
1762 1320 1777 1344 ,
1805 1278 1874 1333 de
1890 1298 1998 1352 quo
2017 1281 2216 1352 egimus
2231 1319 2246 1345 ‚
2283 1278 2584 1335 commuui-

1553 1368 1758 1412 cnrent.
1777 1360 2118 1431 Ampliubant
2135 1374 2314 1416 autem
2332 1359 2586 1421 Romani,

1553 1436 2059 1511 adstringebantque
2094 1440 2351 1493 arbitratu
2375 1458 2472 1491 suo
2493 1440 2587 1513 jus

1556 1528 1608 1570 et
1635 1518 1989 1572 immunitates
2025 1536 2140 1583 eas,
2183 1529 2246 1571 ut
2285 1531 2472 1572 auctor
2507 1529 2587 1581 εει

1555 1596 1774 1653 Tacitus
1793 1635 1810 1661 ,
1837 1599 2031 1652 Annnl.
2053 1598 2148 1651 lib.
2179 1598 2276 1651 xl.
2298 1597 2446 1663 Quin
2473 1597 2490 1649 i
2529 1616 2587 1649 se

1554 1675 1694 1729 plin.
1714 1676 1938 1729 coloniis
1963 1676 2284 1748 quibusdam
2302 1678 2402 1751 jus·
2418 1616 2587 1731 Itaiio

1557 1766 1768 1808 tautum
1796 1774 2108 1809 concessum
2123 1796 2140 1820 ‚
2165 1756 2280 1809 aliis
2302 1757 2468 1811 solam
2488 1754 2588 1808 im·

1557 1838 1876 1887 munitatem
1913 1852 1946 1889 a
1971 1835 2180 1888 tributis
2214 1835 2428 1897 innuit,
2465 1853 2585 1907 cap.

1557 1912 1720 1986 hujus
1760 1913 1886 1967 libri
1927 1916 2101 1968 tertio.
2141 1914 2438 1985 Municipia
2475 1916 2588 1967 suis

1559 1992 1812 2046 vivebant
1831 1994 2036 2065 legibus
2075 2005 2128 2047 et
2163 1993 2412 2047 institutis
2441 2012 2456 2047 :
2483 1994 2588 2047 Co-

1559 2071 1716 2124 loniae
1733 2074 1984 2126 romanis.
2011 2072 2134 2125 Suis
2153 2090 2374 2145 quoque
2387 2072 2592 2145 oppida

1562 2152 1811 2205 libertate
1826 2152 2022 2204 donata
2044 2170 2058 2205 :
2078 2151 2172 2205 sed
2185 2170 2362 2225 neque
2381 2152 2559 2205 italico
2570 2191 2589 2216 ,

1561 2248 1742 2301 neque
1797 2232 2001 2285 civium
2053 2249 2400 2285 romanorum
2465 2234 2590 2305 jure

1561 2309 1864 2380 gaudebant
1881 2348 1898 2375 ,
1936 2330 2172 2387 quorum
2193 2310 2449 2364 alterutro
2471 2330 2591 2369 inu-

1565 2389 1761 2461 nicipia
1786 2389 2104 2444 fruebantur
2139 2410 2154 2445 ε
2183 2409 2246 2443 ea
2283 2408 2409 2443 vero
2433 2393 2593 2442 libera

1565 2472 1750 2538 oppida
1770 2507 1788 2534 ‚
1833 2482 1886 2524 et
1919 2472 2085 2523 liber-ce
2116 2472 2410 2523 conditionis
2435 2488 2594 2523 voca·-

1566 2550 1780 2603 bnntur.
1789 2548 2062 2603 Foederata
2077 2559 2227 2602 erant
2240 2586 2256 2611 ,
2269 2548 2594 2621 quibuscum

1567 2627 1808 2701 populus
1851 2645 2106 2681 romanus
2154 2626 2323 2680 foedus
2369 2626 2560 2681 inierat
2577 2665 2594 2689 ‚

1567 2726 1799 2780 quorum
1825 2708 1968 2761 cives
1989 2725 2050 2761 se
2068 2704 2372 2769 findet-atos,
2393 2706 2564 2759 socios
2577 2746 2592 2770 ,

1569 2786 1756 2841 fratres
1790 2786 1975 2858 populi
2001 2786 2210 2839 romani
2247 2786 2596 2857 cognomina-

1569 2866 1721 2931 bant,
1732 2878 1794 2921 ut
1811 2866 1878 2919 de
1896 2865 2146 2923 Arvernis
2163 2866 2348 2919 Galliae
2367 2867 2600 2939 populis,

1567 2946 1878 3019 Heduisque
1897 2944 2164 3007 dicemus,
2183 2946 2222 2999 l.
2243 2947 2348 3011 IV,
2382 2964 2500 3017 cap.
2527 2946 2594 2999 32

1569 3038 1622 3080 α
1649 3026 1734 3080 33.
1769 3026 2018 3096 Denique
2045 3023 2396 3097 stipendiaria
2422 3038 2599 3087 erent,

1565 3122 1684 3179 qua
1700 3105 1927 3174 vectigal
1949 3102 2263 3175 penderent,
2279 3121 2374 3157 seu
2395 3101 2598 3156 tributo

1565 3181 1825 3237 solvendo
1849 3182 2087 3235 obnoxia
2113 3182 2307 3236 forent.
2324 3180 2508 3235 Hsun.
2525 3212 2598 3222 —

1566 3260 1691 3314 vid.
1703 3260 1862 3313 etiam
1879 3260 1936 3312 in
1950 3270 2126 3312 nostra
2148 3258 2320 3312 Taciti
2335 3257 2596 3321 editione,

1565 3348 1697 3391 tom.
1727 3339 1807 3390 lv
1829 3375 1847 3401 ,
1874 3354 1996 3409 pag.
2027 3342 2126 3408 473
2148 3376 2164 3401 ‚
2206 3338 2265 3389 in
2290 3336 2598 3391 excursibus

1565 3417 1850 3471 variorum
1873 3415 1943 3469 ad
1972 3413 2067 3467 lib.
2099 3411 2294 3467 Annul.
2329 3414 2443 3478 xl,
2465 3414 2600 3487 quid

1565 3494 1778 3569 dejure
1817 3493 1986 3561 Latii,
2017 3494 2333 3567 civiuteque
2351 3512 2600 3555 romana,

1562 3578 1688 3649 jure
1709 3574 1998 3643 Quiritium
2017 3610 2034 3637 ,
2066 3576 2191 3647 jure
2214 3572 2426 3635 italico,
2453 3574 2600 3627 colo-

1561 3654 1662 3709 niis
1681 3694 1700 3722 ,
1739 3654 2042 3725 municipiis
2059 3692 2076 3715 ,
2127 3652 2338 3725 populis
2381 3652 2562 3707 liberis
2583 3690 2601 3715 ,

1562 3732 1835 3787 federatis
1852 3770 1868 3795 ‚
1906 3732 2272 3799 immunibus,
2301 3730 2600 3804 stipendiu-

1561 3812 1654 3865 riis
1676 3811 1816 3866 dicat
1833 3810 2127 3865 Broterius.
2145 3812 2248 3863 En.

1636 3894 1686 3946 6.
1712 3894 1876 3945 Latio.
1903 3893 2046 3964 Lege
2057 3893 2201 3944 Latio
2213 3893 2364 3963 jure,
2387 3901 2448 3944 nt
2462 3889 2600 3944 infra

1567 3990 1680 4044 cap.
1704 3971 1754 4026 3.
1773 3971 1982 4025 Dauo.

1637 4070 1691 4124 7.
1719 4054 1865 4104 CXX.
1886 4050 2070 4107 Dalec.
2100 4052 2240 4105 CCX.
2269 4046 2370 4103 En.
