2950 5017
1081 437 1395 509 LIBER
1444 440 1530 507 V.
2228 435 2361 521 451

233 588 440 645 coetus
463 570 680 641 veluti
704 572 1154 666 circumspicit
1171 570 1220 595 ¹⁰
1237 624 1262 656 ‚
1297 570 1529 640 iisdem
1550 568 1593 592 ¹¹
1622 568 2003 639 animalium
2024 594 2374 663 argumen-

232 682 370 749 tis.
413 681 666 749 iterum
717 679 936 747 arenis
983 692 1290 773 receptus
1341 676 1651 747 conditur
1690 700 1923 745 rursus
1962 700 2063 745 xx
2116 675 2376 745 dierum

236 785 512 855 desertis
535 784 626 853 ad
649 785 992 879 proximos
1022 783 1414 878 AEthiopas.
1453 797 1653 877 atque
1678 781 1795 851 ubi
1830 782 2071 851 iterum
2101 784 2377 851 senserit

233 888 644 959 hominem¹²
659 942 680 975 ‚
722 888 1006 1019 prosilit,
1046 888 1230 959 fonte
1255 884 1381 977 (ut
1407 886 1757 957 verisimile
1793 878 1933 978 est)
1974 885 2087 955 illo
2107 940 2126 974 ,
2174 912 2373 981 quem

235 997 474 1091 Nigrin
508 994 1138 1066 vocavere¹.1nde
1169 995 1460 1064 Africam
1498 994 1584 1062 ab
1607 994 1943 1089 AEthiopia
1965 992 2373 1087 dispescens,
2410 1002 2442 1053 3

239 1104 492 1171 etiamsi
533 1126 675 1171 non
709 1102 1010 1195 protinus
1047 1101 1348 1195 populis,
1390 1100 1547 1183 feris
1588 1113 1816 1169 tamen
1854 1114 1921 1168 et
1964 1097 2199 1169 belluis
2239 1098 2379 1168 fre-

239 1232 480 1302 quens,
523 1206 972 1301 silvarumque
1021 1208 1283 1345 opifex,
1336 1206 1589 1276 medios
1622 1206 1966 1300 AEthiopas
2008 1219 2219 1291 secat,
2267 1230 2381 1275 co·

239 1314 666 1407 gnominatus
693 1298 1046 1407 Astapus¹⁴
1065 1338 1085 1398 3
1113 1313 1294 1407 quod
1312 1310 1575 1382 illarum
1602 1313 1899 1406 gentium
1928 1310 2153 1406 lingua
2182 1312 2381 1405 signi-

239 1417 386 1488 ficat
413 1442 666 1513 aquam
697 1443 736 1487 e
763 1419 1052 1489 tenebris
1087 1418 1555 1514 profluentem.
1585 1416 1845 1487 Insulas
1872 1419 1965 1487 ita
1994 1418 2375 1487 innumeras
2415 1430 2448 1488 4

241 1526 490 1620 spargit
508 1576 528 1611 ,
564 1524 1018 1619 quasdamque
1045 1540 1186 1607 tam
1229 1538 1433 1595 vastae
1469 1523 1977 1619 magnitudinis,
2018 1537 2096 1591 ut
2136 1546 2377 1617 quam-

241 1656 432 1723 quam
467 1630 712 1725 rapida
735 1629 1104 1717 celeritate,
1141 1646 1366 1701 tamen
1395 1631 1655 1699 dierum
1687 1632 1979 1724 quinque
2010 1653 2210 1698 cursu
2238 1653 2379 1697 non

243 1734 548 1807 breviore
576 1736 943 1807 transvolet
981 1762 998 1804 τ
1033 1739 1212 1807 circa
1248 1736 1681 1807 clarissimam
1708 1760 1941 1805 earum
1983 1737 2267 1803 Meroen
2284 1719 2331 1759 ¹⁵
2357 1786 2378 1819 ‚

243 1844 600 1913 Astabores
614 1827 664 1865 ¹⁶
699 1840 868 1912 laevo
917 1841 1107 1913 alveo
1146 1843 1400 1932 dictus,
1436 1842 1569 1913 hoc
1601 1855 1737 1929 est,
1780 1866 2005 1941 ramus
2042 1865 2231 1935 aquae
2269 1865 2382 1909 ve·

315 2020 396 2055 ro.
433 2001 798 2071 Cbumupa‘cie.
819 2002 944 2054 Vet.
963 2019 1052 2072 ap.
1081 2001 1264 2055 Dslec.

243 2084 414 2133 circuit.
431 2080 555 2133 Eo.

319 2178 402 2215 Π.
445 2159 640 2215 Iisdaem
687 2160 983 2213 animalitem.
1025 2159 1256 2222 Eodem,

241 2237 434 2310 inquit,
469 2252 795 2310 argumento
833 2238 1142 2311 indicioque
1175 2240 1264 2291 in-

242 2318 554 2388 telligimus,
573 2319 750 2389 ipsum
775 2336 886 2373 esse
914 2318 1099 2372 Nilum
1119 2354 1138 2385 ,
1167 2317 1262 2390 qui

238 2396 326 2449 lm
362 2411 544 2453 tetras
575 2398 766 2464 alluat,
803 2397 897 2469 qui
933 2397 1164 2453 subinde
1205 2416 1262 2451 se

241 2474 450 2543 condat,
481 2490 860 2549 mergatque,
895 2476 1044 2549 quod
1075 2476 1267 2533 endem

239 2554 500 2623 animalia,
534 2574 655 2628 qno
681 2557 925 2630 superius
940 2558 1264 2623 censuimus,

237 2633 320 2687 hie
353 2654 582 2709 qnoque
621 2636 971 2707 reperiantur.
1011 2636 1226 2691 Solinus
1243 2672 1259 2695 ‚

240 2712 334 2766 loc.
362 2716 451 2769 cit.
481 2716 682 2769 Hun-

318 2812 339 2846 ι
353 2813 381 2847 2
392 2830 406 2847 .
421 2794 940 2849 Homiaaemvolebat
953 2795 1262 2865 Dalecamp.

239 2872 454 2927 hanina.
481 2874 592 2928 ΕΙ).

319 2954 407 3007 ι3.
426 2951 771 3024 Nigrimvet.
792 2951 934 3025 apud
952 2954 1262 3025 Delecamp·

239 3030 457 3101 Nigrum.
485 3034 600 3087 En.

317 3129 341 3165 1
353 3120 404 3177 4.
419 3114 654 3183 Astapus
664 3150 682 3177 ,
697 3124 798 3165 etc.
809 3112 1137 3166 Transcribit
1147 3112 1264 3167 haec

237 3207 446 3261 qnoque
469 3192 716 3255 Solinus,
739 3192 860 3245 loco
884 3192 976 3244 cit.
995 3190 1262 3245 Eamdem

239 3268 306 3320 ob
331 3287 548 3325 mnsam
589 3270 722 3323 huic
751 3271 924 3335 amni,
957 3288 1024 3323 ex
1051 3272 1264 3325 Atlante

239 3363 412 3403 monte
449 3350 874 3422 prorumpenti,
914 3368 1112 3403 nomen
1149 3351 1264 3421 pri-

239 3444 379 3481 mum
405 3429 576 3483 fuisse
599 3430 788 3500 Dyrin‚
804 3448 930 3483 mox
947 3430 1145 3495 Melan,
1161 3432 1267 3484 hoc

240 3520 342 3572 est,
383 3508 634 3581 Nigrum
655 3546 673 3575 ‚
695 3508 974 3563 Vitruvius
1015 3509 1262 3579 scripsit:

237 3598 372 3639 ratus
400 3588 676 3641 nimirum
715 3588 906 3659 Nigrin
947 3606 1196 3653 amnem,
1233 3607 1268 3641 a

237 3682 342 3736 qno
363 3666 620 3737 Nigr-tta,
645 3665 868 3721 Nilum
853 3685 1032 3737 ipsum
1047 3684 1175 3721 esse.
1192 3666 1262 3719 H.

233 3746 496 3799 -Nostri
510 3746 778 3799 sententia
797 3746 1032 3817 Astapus
1053 3746 1142 3799 hic
1159 3746 1267 3801 flu·

235 3824 388 3879 minis
403 3844 599 3879 ramus
614 3842 728 3879 esse
744 3824 970 3887 videtur,
1004 3826 1098 3897 qui
1123 3844 1269 3879 nunc

239 3904 390 3956 Balar-
395 3904 660 3959 el-Aha'ad
681 3902 888 3959 dicitur.
923 3904 1028 3957 En.

319 3986 407 4038 15.
435 3984 674 4037 Meroen.
705 3984 875 4051 Quam
905 3984 1130 4037 insulam
1157 4002 1270 4039 esse

1348 2000 1607 2055 evincunt
1662 2000 2067 2055 accuratissima
2106 2000 2377 2053 recentio-

1349 2098 1474 2133 rum
1503 2079 1697 2133 tabulae
1726 2079 2093 2151 geographica
2110 2118 2129 2145 ‚
2172 2091 2227 2131 et
2260 2080 2373 2148 jam

1349 2159 1592 2230 superius
1643 2158 1915 2213 laudatum
1964 2158 2111 2213 docti
2157 2159 2375 2212 viatoris

1351 2238 1643 2292 Cunnum
1672 2257 1807 2311 opus
1843 2239 1931 2291 cui
1960 2238 2145 2291 titulus
2169 2238 2226 2291 V
2219 2258 2374 2307 oyage

1349 2318 1384 2371 ὰ
1413 2318 1585 2371 Me'me‘
1607 2331 1659 2369 et
1698 2338 1765 2371 au
1793 2318 1957 2389 fleuve
1986 2318 2175 2383 Biana,
2218 2316 2373 2387 quod

1349 2395 1491 2467 vide.
1523 2397 1626 2453 En.

1435 2494 1458 2531 1
1472 2481 1529 2532 6.
1543 2478 1829 2532 Astabores.
1851 2477 2123 2532 Permutat
2134 2476 2248 2531 hoec
2264 2476 2375 2530 Nili

1347 2574 1622 2610 ramorum
1643 2558 1867 2611 nomina
1886 2556 2260 2611 Eratosthenes
2286 2574 2374 2629 ap.

1347 2636 1591 2690 Eustath.
1623 2638 1681 2689 in
1718 2637 1942 2707 Dionys.
1972 2654 2092 2709 pag.
2130 2635 2223 2705 93.
2249 2636 2375 2688 Pto·

1349 2716 1539 2769 lemaeo
1568 2734 1727 2782 vero,
1756 2716 1853 2769 lib.
1880 2716 1981 2781 IV,
2004 2736 2051 2771 c.
2086 2716 2141 2781 8,
2162 2718 2377 2769 Astures

1351 2807 1446 2857 est,
1471 2793 1635 2847 Plinii
1654 2794 1959 2867 Astusspes.
1982 2796 2261 2847 Astabores
2278 2830 2294 2853 ,
2330 2794 2375 2847 si

1351 2886 1584 2927 mentem
1600 2874 1761 2927 Plinii
1771 2893 2073 2945 sequamur,
2084 2874 2175 2927 hic
2198 2892 2375 2927 ramus

1351 2964 1432 3007 est
1475 2952 1569 3023 qui
1603 2971 1750 3008 nunc
1785 2954 1945 3005 Barla·
1946 2954 2015 3006 el·
2017 2952 2235 3017 Azenk,
2264 2953 2375 3007 sive

1349 3031 1637 3086 coeruleum
1665 3032 1864 3087 flumen
1898 3046 2139 3095 vocatur,
2167 3034 2378 3085 Astusa-

1350 3130 1448 3183 pes
1471 3130 1601 3165 vero
1620 3112 1872 3166 Straboni
1884 3112 2163 3167 Astotabas
2177 3110 2377 3178 dictus,

1349 3192 1446 3263 qui
1486 3188 1653 3245 hodie
1690 3192 1933 3245 Tacazse.
1960 3194 2041 3245 De
2076 3192 2161 3245 his
2196 3204 2377 3245 autem

1351 3270 1603 3323 omnibus
1652 3290 1788 3342 opus
1830 3273 1941 3341 jam
1993 3270 2237 3341 superius
2292 3270 2377 3323 his

1351 3348 1626 3403 laudatum
1647 3349 1824 3405 videas
1842 3363 1898 3404 et
1911 3388 1929 3418 ‚
1946 3352 1991 3404 si
2018 3350 2254 3416 libuerit,
2266 3348 2378 3403 dis-

1350 3428 1693 3483 sertationem
1719 3431 1787 3484 D.
1803 3432 2067 3495 Dnmsm,
2080 3430 2137 3483 in
2147 3428 2380 3483 Historia

1352 3507 1649 3562 Academias
1670 3510 1828 3581 Regis
1854 3509 2225 3575 Scientiarum,
2251 3508 2378 3561 anni

1361 3590 1532 3659 1708,
1564 3606 1620 3659 p.
1658 3588 1790 3654 365,
1826 3588 1896 3643 de
1923 3590 2027 3642 situ
2054 3588 2239 3641 insnlae
2258 3588 2379 3641 Me-

1353 3686 1496 3721 roes.
1528 3668 1795 3721 Caeterum
1841 3687 1942 3739 pro
1973 3668 2268 3739 Ascusapes,
2311 3665 2379 3719 li·

1353 3746 1566 3799 bentius
1591 3748 1877 3818 Asta-capes,
1901 3748 2089 3801 litteris
2113 3758 2381 3818 permuta-

1357 3825 1425 3878 tis
1443 3827 1755 3896 agnoverim
1780 3844 1794 3880 z
1832 3826 2085 3897 quoniam
2111 3828 2167 3879 in
2192 3825 2381 3877 simili-

1354 3905 1455 3958 bus
1480 3906 1721 3971 vocibus,
1742 3906 2029 3971 Astabores,
2054 3919 2108 3960 et
2129 3906 2345 3975 Astapus
2360 3923 2380 3954 .-

1357 4002 1463 4039 vox
1480 3985 1611 4037 Asta
1628 3986 1691 4039 iis
1703 3985 1959 4055 gentibus
1978 4004 2171 4058 aquam
2192 4000 2381 4038 sonare

243 4062 456 4119 veta-es
467 4061 762 4155 credidere
774 4101 793 4129 ,
813 4062 1144 4135 peninsulam
1163 4082 1274 4117 esse
1361 4062 1621 4119 videatur.
1651 4065 1839 4119 Hsnn.

1983 4171 2125 4267 29²
