2950 5017
559 404 712 503 376

1071 404 1152 472 C.
1211 402 1560 474 PLINII
1612 402 1835 471 NAT.
1892 402 2153 470 HIST.

551 560 664 607 ma
694 560 815 604 ora
856 534 1179 606 citerioris
1197 518 1359 615 est⁴‚
1389 517 2385 626 ejusdemque⁵Tarraconensis
2402 532 2589 599 situs
2620 553 2640 595 :
2686 555 2727 597 a

551 646 869 737 Pyrenoeo
919 665 1040 736 per
1093 640 1441 709 Oceanum
1457 622 1518 725 ⁶,
1571 640 1956 708 Vasconum
2012 636 2216 707 saltus
2278 662 2296 705 ε

2364 636 2673 706 Olarso⁷
2706 655 2727 697 τ

552 747 1004 819 Vardulorum
1024 732 1047 770 ⁸
1107 744 1354 840 oppida
1405 763 1421 807 =
1475 745 1778 838 Morosgi
1796 798 1815 831 ‚
1876 745 2197 817 Menosca
2215 796 2233 823 ,
2292 744 2679 837 Vesperies
2704 792 2725 825 ‚

487 886 514 919 2
552 857 887 925 Amanum
904 851 932 891 ⁹
977 866 1248 948 portus,
1297 850 1412 919 ubi
1467 872 1649 919 nunc
1700 849 2119 945 Flaviobriga
2184 848 2475 919 colonia.
2538 849 2731 919 Civi-

545 1073 800 1145 niamque
835 1072 1146 1143 contingens
1167 1108 1184 1136 ,
1227 1070 1365 1124 mari
1411 1071 1579 1124 latera

548 1153 737 1223 obiicit
759 1164 972 1214 nostro,
1001 1168 1108 1223 qua
1133 1150 1444 1216 meridiem,
1472 1166 1577 1222 qua

548 1231 982 1304 septemtrionem
1014 1231 1248 1284 Oceano.
1280 1256 1304 1279 ι
1351 1231 1536 1283 Hsnn.

631 1318 690 1376 4.
706 1312 972 1366 Citerioris.
994 1310 1154 1363 Nunc
1175 1309 1366 1380 incipit
1385 1308 1581 1381 Hispa-

547 1389 638 1444 nia
653 1390 874 1445 citerior
885 1427 902 1457 ,
915 1388 1206 1462 eademque
1217 1389 1583 1442 Tarraconen-

550 1469 648 1535 sis,
685 1470 784 1523 ubi
811 1468 1130 1541 Aquitanica
1155 1468 1330 1522 Gallia
1353 1466 1551 1521 desinit
1570 1506 1585 1535 ,

549 1547 619 1602 ad
638 1550 936 1620 proximam
953 1548 1251 1621 Aquitania
1267 1566 1418 1602 oram
1434 1564 1585 1601 ocea-

551 1628 630 1681 ni.
665 1628 848 1681 Halm.
1387 1622 1394 1629 ³

637 1707 692 1762 5.
719 1707 1063 1779 Ejusdemque.
1091 1708 1220 1763 Vct.
1237 1704 1380 1779 apud
1399 1704 1582 1759 Dalec.

553 1784 1070 1919 ‘'zqussgfzfissm
1086 1904 1102 1931 ,
1131 1877 1233 1920 etc.
1255 1866 1360 1918 Per
1397 1862 1585 1917 oceani

556 1964 708 1999 oram
732 1944 896 1999 ducto
921 1945 1139 2003 itinere,
1169 1956 1460 1997 occurrunt
1473 1944 1585 1995 Va·

556 2040 779 2078 aeonum
824 2026 989 2079 saltus
1007 2062 1024 2089 ,
1069 2042 1188 2095 qua
1233 2022 1396 2076 hodie
1436 2023 1587 2093 regio

563 2104 854 2175 Gm'puzeoa
901 2103 1230 2157 nominatur.
1266 2102 1336 2155 H.
1363 2103 1589 2155 ——Vet.

557 2182 704 2257 apud
722 2184 1026 2254 Dalecamp.
1039 2202 1190 2253 prope
1219 2200 1463 2235 oceanum.
1486 2180 1589 2235 En.

641 2282 696 2335 7.
713 2263 911 2317 ozano.
925 2262 1194 2317 Martiano
1211 2262 1350 2315 Iarso
1369 2259 1591 2326 dicitur-3

557 2360 704 2395 nunc
727 2360 894 2415 pagus
915 2342 1152 2411 Orat-zm
1166 2341 1358 2407 ,leucis
1375 2359 1404 2392 a
1421 2342 1590 2393 Faen-

563 2421 748 2475 tac-abia
764 2420 990 2475 duabus.
1019 2422 1194 2475 olma>
1213 2422 1350 2481 πόλις
1363 2433 1444 2474 est
1469 2420 1593 2473 Pm-

559 2501 746 2555 lemaeo
767 2540 784 2565 ,
813 2500 912 2553 lib.
934 2502 1018 2566 11,
1045 2519 1096 2555 c.
1121 2504 1186 2557 6,
1205 2500 1264 2553 iu
1276 2501 1589 2553 Vasconum

561 2577 774 2651 oppidis
787 2579 1066 2633 maritimis
1082 2619 1097 2646 ,
1113 2579 1206 2632 ubi
1229 2578 1388 2632 etiam
1409 2596 1593 2649 supra-

560 2658 693 2712 dicti
712 2659 1070 2730 promontorii
1089 2658 1292 2712 mentio
1307 2658 1370 2710 fit
1382 2696 1398 2723 ‚
1413 2658 1589 2711 olava»

562 2738 706 2810 ἄκρον
729 2740 979 2809 Πυρήνης,
1015 2736 1187 2809 quod,
1220 2748 1282 2790 ut
1317 2736 1587 2803 diximus,

567 2818 773 2873 cabade
784 2818 838 2870 la
849 2817 1073 2887 Bia-uem
1084 2836 1230 2871 nnnc
1237 2816 1587 2870 vocatur-En.

645 2898 701 2951 8.
719 2898 779 2949 V
767 2895 1044 2949 arduico-um
1074 2896 1252 2967 oppida
1266 2934 1284 2962 ‚
1301 2892 1412 2949 etc:
1423 2897 1589 2967 Οὗάρ·

563 2972 731 3031 &oulen
775 2974 1096 3041 Ptolemaeo,
1121 2976 1244 3028 loco
1272 2974 1449 3028 citato.
1482 2974 1552 3027 Hi
1574 3014 1591 3041 ‚

562 3055 738 3128 inquit
777 3054 1020 3109 eruditus
1046 3055 1389 3120 Mamertus,
1418 3072 1589 3125 angu-

561 3148 694 3189 stam
721 3145 942 3188 tenuere
961 3134 1235 3205 regionem
1265 3152 1296 3185 a
1320 3134 1481 3186 maris
1500 3134 1589 3187 lit-

559 3227 678 3269 tore
701 3212 768 3268 atl
787 3214 991 3267 Ebrum
1008 3252 1026 3278 ,
1063 3225 1382 3285 occupantes
1403 3214 1583 3265 orien-

560 3294 721 3348 talem
759 3306 970 3364 partem
989 3294 1386 3365 provinciarum
1404 3331 1420 3358 ‚
1463 3308 1585 3365 qua

560 3392 708 3427 nunc
749 3370 972 3444 Vtica-ra
997 3386 1054 3426 et
1091 3372 1256 3426 Alaea
1300 3369 1555 3425 dicuntur
1572 3412 1588 3437 ,

562 3466 616 3507 et
639 3452 1016 3506 occidentalem
1037 3451 1180 3505 illius
1203 3468 1324 3523 que
1339 3450 1507 3523 Reyno
1528 3452 1591 3503 de

563 3532 792 3587 Navarra
820 3544 1075 3596 vocatia-3
1106 3530 1336 3602 quibus,
1365 3542 1425 3583 ut
1449 3530 1588 3583 mihi

559 3610 770 3666 videtur
783 3650 800 3676 ‚
846 3608 1090 3665 addenda
1133 3624 1212 3663 est
1234 3648 1251 3674 ‚
1293 3626 1485 3680 magua
1522 3626 1587 3663 ex

561 3703 738 3761 perte,
769 3690 1056 3761 Guipuaeeoa
1079 3688 1375 3760 provincia.
1414 3688 1589 3760 oppi-

562 3768 695 3823 dum
722 3780 894 3823 autem
931 3768 1169 3841 Horo-gi
1183 3808 1200 3835 ‚
1227 3781 1485 3840 quantum
1518 3786 1587 3821 ex

559 3850 666 3902 situ
691 3847 1028 3919 conjicimus,
1051 3847 1227 3920 inquit
1250 3846 1588 3914 Harduinus,

559 3925 724 3981 hodie
761 3940 839 3983 est
857 3925 964 3979 San
998 3927 1270 3983 sabasam
1308 3927 1586 3992 Menosca,

464 4084 467 4086 -
559 4024 683 4078 qun
704 4003 991 4062 Ptolemaeo
1007 4046 1026 4073 ,
1051 4007 1110 4061 in
1137 4006 1388 4061 Vardulis
1415 4007 1589 4065 Mn'vo-

1667 1090 1767 1125 σκει
1788 1084 1895 1135 est,
1932 1068 2122 1135 hodie,
2215 1070 2507 1123 Manna-to
2534 1066 2725 1123 credi·

1666 1168 1812 1216 mus,
1834 1152 2037 1203 Ber-meo
2059 1163 2166 1215 est;
2204 1150 2271 1203 ab
2306 1168 2372 1201 eo
2398 1160 2599 1203 autem
2630 1149 2727 1201 hic

1666 1248 1781 1284 non
1809 1229 2075 1283 dissentiri
2106 1246 2219 1282 non
2245 1247 2469 1299 possum
2492 1247 2507 1281 ε
2532 1228 2727 1281 Ptole-

1666 1326 1835 1363 maeus
1858 1310 2001 1363 enim
2023 1310 2331 1363 Menoscam
2348 1308 2616 1361 nominat
2632 1326 2729 1359 an-

1667 1402 1722 1442 te
1740 1388 1943 1443 flumen
1965 1390 2129 1445 Δηούα.
2142 1426 2161 1455 ,
2196 1386 2345 1460 quod
2373 1400 2525 1441 certe
2571 1386 2725 1439 idem

1671 1480 1750 1521 est
1776 1468 1923 1541 quod
1954 1468 2009 1520 in
2036 1486 2297 1521 oceanum
2322 1464 2547 1532 influit,
2562 1469 2723 1537 juxta

1667 1550 1857 1601 urbem
1878 1548 2048 1611 Deba,
2070 1564 2192 1619 quae
2211 1547 2269 1599 iu
2284 1548 2577 1618 provincia
2600 1546 2728 1600 Gui-

1663 1646 1853 1699 puzcoa
1876 1640 1983 1691 est;
2000 1627 2203 1679 Bermeo
2224 1638 2404 1679 antem
2432 1644 2528 1679 sex
2548 1624 2725 1679 leucis

1672 1726 1703 1759 a
1726 1707 1869 1758 Deba
1885 1744 1901 1771 ,
1926 1704 2256 1759 occidentem
2272 1722 2461 1777 versus
2480 1706 2589 1759 sita
2616 1717 2722 1768 est,

1674 1786 1731 1839 in
1763 1786 1985 1854 Vae-aya
2002 1786 2297 1856 provincia.
2319 1786 2601 1838 Menosca
2618 1784 2723 1855 igi-

1674 1877 1765 1919 tur
1799 1866 1950 1918 locus
1976 1876 2099 1930 aut,
2140 1876 2201 1917 nt
2223 1864 2343 1917 vult
2369 1862 2724 1927 Harduinm,

1675 1942 1743 1997 ad
1764 1944 1959 1997 ostium
1974 1944 2213 1997 fluminis
2228 1944 2355 1995 Orio
2367 1984 2383 2008 ‚
2400 1942 2558 2014 quod
2573 1942 2724 1995 haud

1675 2022 1839 2078 dubie
1864 2024 2164 2077 Menlascus
2189 2022 2387 2077 fluvius
2414 2034 2499 2075 est
2522 2042 2556 2075 a
2578 2040 2721 2075 nou-

1674 2102 1837 2157 nullis
1862 2116 2185 2156 memoratus
2208 2144 2223 2166 ,
2264 2115 2359 2155 aut
2380 2102 2527 2155 inter
2552 2102 2721 2172 hujus

1676 2182 1915 2235 fluminis
1940 2196 1993 2237 et
2020 2186 2183 2235 Devae
2226 2181 2378 2235 ostia.
2426 2180 2722 2252 Vesperies

1677 2260 1942 2333 oppidum
1965 2302 1982 2328 ,
2012 2260 2161 2334 quod
2196 2280 2230 2314 a
2257 2262 2551 2313 Mannerto
2579 2278 2719 2329 pre—

1676 2342 1991 2395 termittitur
2006 2380 2024 2404 ,
2048 2359 2146 2412 ego
2173 2339 2373 2393 eruditi
2398 2335 2721 2393 n’Anvtui

1676 2419 1985 2492 opinionem
2004 2440 2227 2493 sequens
2241 2459 2257 2485 ,
2269 2420 2329 2473 in
2350 2421 2497 2473 urbe
2510 2421 2717 2473 Bes-meo

1640 2568 1645 2573 .
1678 2516 1961 2571 agnoscere
1984 2520 2096 2553 non
2118 2499 2334 2554 dubito.
2360 2497 2471 2553 En.

1758 2598 1815 2648 9.
1840 2580 2085 2633 Amanum
2102 2592 2306 2651 portus,
2332 2578 2417 2631 uhi
2431 2598 2565 2630 nunc
2590 2578 2715 2630 Fla-

1681 2660 1895 2728 viobriga
1920 2660 2126 2713 colonia.
2150 2661 2198 2711 A
2226 2658 2411 2711 Flavio
2428 2658 2715 2730 Vespasia-

1676 2756 1753 2791 no
1778 2739 2105 2808 imperatore
2144 2738 2585 2809 cognominatam
2610 2755 2714 2808 pu-

1676 2830 1811 2871 tant.
1834 2816 1977 2869 Vide
1994 2819 2285 2883 Gsnmn‘,
2304 2818 2402 2870 lib.
2424 2817 2568 2881 VII,
2594 2834 2711 2885 cap.

1686 2914 1772 2949 ιο.
1794 2896 2152 2970 Φλαουῑόδριγα
2169 2896 2488 2962 Ρῑοὶεωωο,
2509 2896 2609 2949 lib.
2630 2896 2706 2955 11.

1678 2995 1797 3048 cap.
1826 2982 1860 3030 6
1880 3016 1894 3040 ,
1929 2980 1988 3031 in
2027 2978 2267 3033 confinio
2290 2975 2627 3031 Cat-istorum
2657 2986 2715 3029 et

1680 3056 2063 3125 Autrigonum.
2076 3059 2237 3110 Hunc
2260 3069 2483 3127 portum
2514 3056 2709 3109 mafla-

1680 3153 1779 3199 na‚
1802 3135 1941 3189 nist.
1970 3137 2123 3207 Hisp.
2143 3137 2239 3189 lib.
2265 3136 2364 3192 lv,
2392 3152 2514 3206 cap.
2562 3142 2627 3200 4,
2650 3154 2704 3206 p.

1694 3234 1717 3269 1
1732 3216 1801 3277 43
1816 3252 1831 3279 ,
1856 3228 1911 3267 et
1932 3215 2211 3269 Oihenart.
2232 3216 2287 3266 in
2301 3214 2705 3268 NotiuVascon.

1673 3312 1791 3364 pag.
1832 3312 1854 3345 1
1868 3294 1938 3347 53
1957 3332 1974 3360 ,
2016 3307 2071 3347 et
2098 3312 2227 3347 cum
2268 3294 2345 3345 eis
2393 3293 2705 3346 Harduinus

1678 3373 1879 3426 Bermeo
1919 3392 2030 3427 esse
2062 3369 2429 3439 contendunt3
2456 3372 2701 3426 nonnulli

1676 3453 1855 3505 Babae
1875 3470 1984 3507 esse
1995 3452 2180 3506 dicunt
2193 3491 2210 3518 ‚
2228 3470 2362 3524 quos
2376 3451 2519 3505 inter
2537 3452 2703 3505 Pom-

1674 3550 1855 3598 sun-r,
1862 3532 1955 3602 qui
1968 3532 2021 3583 F
2016 3529 2146 3585 [ανίὄ
2152 3532 2210 3584 in
2224 3531 2406 3585 Bilbao
2422 3548 2703 3603 agnoscere

1678 3614 1823 3676 vult3
1842 3611 1980 3665 hanc
1998 3613 2309 3683 opinionem
2329 3612 2481 3682 sequi
2496 3610 2705 3663 videtur

1676 3689 1983 3745 n’Axvnm
2000 3729 2015 3755 ,
2062 3691 2156 3763 qni
2194 3691 2347 3743 illum
2390 3691 2700 3761 Porrugulete

1676 3783 1865 3836 vocat,
1892 3771 1989 3841 qui
2010 3782 2201 3842 portus
2229 3768 2301 3823 ad
2324 3770 2521 3823 ostium
2553 3768 2697 3822 fluvii

1682 3848 2037 3923 Ubaychalml‚
2068 3850 2161 3922 qui
2197 3850 2385 3902 urbem
2414 3850 2596 3903 Bitho
2619 3849 2697 3900 in-

1676 3926 1826 3995 fluit,
1858 3930 2156 4001 reperitur-3
2188 3930 2503 3984 Mannertus
2526 3939 2694 3982 autem

1674 4010 1815 4065 hanc
1830 4007 2106 4065 Satander
2114 4028 2227 4065 esse
2240 4008 2371 4064 dicit
2380 4008 2557 4083 ,quod
2570 4007 2692 4062 mihi
