2950 5017
471 810 532 844 12

468 1535 530 1586 13

571 433 721 522 342
1100 437 1177 505 C.
1234 437 1583 506 PLINII
1636 439 1855 510 NAT.
1914 437 2181 505 HIST.

570 568 654 636 ab
684 566 1083 685 aequinoctio
1112 591 1322 636 verno
1362 568 1430 635 in
1467 582 1883 638 autumnum.
1916 561 2182 636 semel
2163 590 2231 634 ιιι
2268 591 2449 636 anno
2492 567 2717 640 solsti-

571 675 664 742 tio
705 674 1012 742 oriuntur
1065 674 1142 740 iis
1187 672 1388 759 soles,
1433 674 1803 769 brumaque
1859 671 2062 742 semel
2108 672 2445 742 occidunt.
2504 677 2717 771 Regio

573 781 876 908 aprica,13
873 777 1047 848 felici
1079 781 1430 873 temperie,
1473 782 1659 849 omni
1704 765 2001 852 afflatu⁸⁶
2038 780 2239 848 noxio
2284 803 2543 850 carens.
2586 785 2719 852 Do-

571 910 720 954 mus
763 871 876 954 iis⁸
879 883 1256 969 ⁷‚nemora
1293 885 1591 980 lucique,
1620 900 1689 955 et
1730 886 2009 956 deorum
2042 883 2259 955 cultus
2288 887 2543 954 viritim
2583 913 2717 982 grc-

570 993 946 1085 gatimque,
989 991 1316 1060 discordia
1343 994 1571 1086 ignota
1591 1007 1659 1060 et
1679 991 2003 1086 aegritudo
2038 993 2275 1060 omnis.
2282 993 2517 1120 8Mors
2548 1018 2711 1062 non·

571 1098 696 1164 nisi
729 1099 1028 1166 satietate
1053 1099 1240 1182 vitae,
1285 1097 1567 1192 epulatis
1610 1097 2040 1192 delibutoque
2080 1083 2305 1166 senio⁸
2310 1083 2583 1185 ⁸luxu,
2638 1125 2715 1170 ex

570 1203 855 1297 quadam
909 1227 1075 1298 rupe
1121 1205 1190 1272 in
1231 1227 1416 1273 mare
1459 1203 1864 1274 salientibus.
1910 1206 2059 1273 Hoc
2100 1227 2310 1298 genus
2356 1204 2719 1299 sepultum

568 1308 1046 1378 beatissimum.
1089 1296 1442 1398 Quidam⁸⁹
1480 1335 1593 1380 eos
1636 1312 1707 1379 in
1736 1312 1953 1406 prima
1986 1325 2174 1405 palte
2210 1311 2385 1378 Asiae
2413 1309 2715 1384 littorum

569 1439 882 1508 posuere,
931 1439 1068 1484 non
1105 1417 1174 1484 in
1219 1419 1529 1511 Europa,
1561 1417 1718 1511 quia
1744 1433 1903 1487 sunt
1932 1413 2087 1485 ibi⁹⁰
2121 1413 2319 1486 simili
2356 1433 2714 1486 consuetu·

567 1521 754 1606 dine,
791 1535 860 1590 et
893 1523 1056 1608 situ,
1097 1525 1491 1592 Attacorum
1516 1525 1805 1592 nomine.
1841 1521 1970 1592 Alii
1998 1520 2315 1591 medios⁹¹
2346 1521 2577 1592 fecere
2606 1548 2719 1594 eos

565 1629 740 1695 inter
774 1643 1132 1723 utrumque
1165 1627 1408 1715 solem,
1447 1625 1921 1723 Antipodum⁹²
1937 1652 2248 1698 occasum
2273 1632 2713 1697 exorientem-

565 1758 694 1832 que
737 1748 1106 1804 nostrum:
1154 1735 1336 1827 quod
1379 1734 1525 1804 fieri
1558 1733 1741 1804 nullo
1785 1735 1991 1804 modo
2042 1749 2293 1830 potest,
2348 1749 2490 1804 tam
2524 1750 2716 1806 vasto

565 1842 736 1909 mari
776 1842 1273 1909 interveniente.
1321 1841 1458 1930 Qui
1494 1866 1631 1910 non
1666 1827 1881 1909 alibi⁹³
1910 1865 2110 1936 quam
2140 1840 2211 1909 in
2238 1843 2545 1910 semestri
2570 1840 2715 1911 luce

565 1947 970 2016 constituere
1011 1971 1171 2032 θος,
1219 1971 1437 2016 serere
1481 1949 1857 2034 matutiniS‚
1894 1947 2170 2017 meridie
2212 1960 2502 2032 metere,
2546 1949 2715 2017 occi·

564 2051 762 2122 dente
799 2051 936 2122 sole
983 2051 1158 2122 fetus
1193 2053 1513 2122 arborum
1555 2053 1952 2147 decerpere,
1988 2051 2299 2122 noctibus
2351 2054 2423 2120 in
2474 2079 2715 2148 specus

562 2159 758 2227 condi
789 2158 1224 2231 tradiderunt.
1256 2163 1398 2228 Nec
1431 2147 1657 2229 libet⁹⁴
1690 2159 2001 2228 dubitare
2028 2158 2113 2228 de
2141 2171 2339 2253 gente
2362 2182 2477 2244 ea,
2502 2185 2711 2254 quum

638 2399 728 2451 86.
779 2398 936 2452 Omni
973 2399 1170 2470 afflatu.
1216 2396 1400 2452 chiffl.
1456 2401 1589 2450 omns·
1674 2395 2048 2463 suetudinem,
2088 2415 2213 2450 eum
2272 2396 2423 2451 hand
2474 2397 2711 2452 absimili

538 2481 696 2547 flatu.
727 2479 834 2530 En.
1674 2495 1890 2550 quoque
1916 2478 2022 2532 situ
2035 2515 2054 2543 ‚
2084 2488 2317 2531 teneant.
2342 2479 2426 2532 De
2444 2479 2711 2532 Attacoris

637 2561 728 2628 87.
755 2558 944 2610 Domus
977 2561 1072 2622 iis,
1111 2569 1214 2610 etc.
1257 2556 1438 2622 Mela,
1484 2557 1580 2610 lib.
1672 2557 1935 2620 dicemus,
1962 2557 2057 2611 lib.
2084 2557 2199 2620 VI,
2226 2575 2345 2628 cap.
2380 2576 2467 2610 so.
2495 2557 2680 2612 Hui).

550 2637 669 2702 111,
693 2657 812 2708 cap.
846 2632 899 2690 5.
925 2639 971 2689 A
992 2595 1172 2689 Plinio
1189 2637 1428 2702 Solinus,
1459 2655 1579 2708 cap.
1752 2655 1847 2710 9¹·
1880 2637 2017 2689 Aliis
2065 2636 2261 2690 medios.
2312 2635 2559 2703 Solinus,
2584 2655 2703 2710 cap.

550 2734 672 2781 xvi,
699 2735 825 2788 pag.
857 2715 932 2768 36
957 2729 1009 2770 et
1039 2717 1132 2788 37.
1153 2715 1339 2771 Ηιιιιιι.
1668 2735 1791 2777 xvt,
1816 2735 1937 2788 pag.
1964 2715 2059 2772 36.
2077 2715 2259 2771 mun.

633 2799 729 2851 88.
753 2797 1078 2867 Delibutoqeoe
1103 2801 1250 2850 semb.
1278 2796 1435 2850 MSS.
1461 2814 1581 2849 om·
1599 2821 1615 2837 κ
1754 2815 1847 2866 92·
1890 2796 2212 2865 Antipodwn.
2252 2793 2418 2848 Unde
2459 2815 2491 2850 s
2548 2798 2707 2850 nobis

549 2893 644 2928 nes
692 2895 706 2928 ε
752 2875 884 2930 editi
923 2914 939 2941 ,
995 2875 1310 2948 delibutisquo
1369 2875 1577 2927 senibus.
1668 2876 1747 2928 sol
1798 2874 2048 2929 occidens
2082 2875 2257 2946 pergit
2288 2873 2359 2928 ad
2389 2875 2703 2947 Antipodas.

547 2955 690 3008 Mela
718 2955 775 3008 id
807 2968 1046 3019 tantum,
1072 2956 1176 3008 loe.
1223 2954 1313 3007 cit.
1363 2955 1579 3019 hilares,
1668 2954 1857 3009 Hsnn.

549 3035 760 3087 redimiti
782 3041 938 3087 set-tile.
974 3033 1216 3100 Solinus,
1243 3035 1428 3104 epulati
1455 3034 1581 3088 deti-
1750 3033 1845 3103 93.
1888 3035 1993 3104 Qu*
2028 3053 2125 3086 non
2171 3033 2309 3088 alibi.
2350 3035 2419 3086 In
2468 3047 2575 3088 vet.
2614 3055 2701 3107 sp.

546 3115 754 3186 bute'que.
777 3115 962 3169 Ηιιιι).
1666 3113 1847 3166 Doleo.
1873 3112 2057 3166 chiffl.
2082 3125 2136 3166 et
2158 3124 2289 3166 vett.
2324 3114 2584 3168 omnibns
2608 3113 2705 3168 de-

629 3197 722 3263 89.
770 3195 1004 3265 Quidam.
1040 3193 1130 3246 Sic
1161 3193 1308 3247 Mela
1341 3193 1579 3265 Pompo-
1664 3191 1807 3245 leun·
1838 3193 2029 3246 vocula
2068 3211 2185 3244 noes.
2226 3193 2330 3245 En.
2378 3225 2461 3236 —-
2508 3195 2705 3248 Jocose

544 3272 694 3334 nius,
721 3275 822 3327 loc.
853 3275 943 3328 cit.
965 3272 1147 3326 Hsnn.
1664 3269 1885 3342 quidem
1906 3311 1923 3335 ,
1954 3272 2049 3326 sed
2076 3271 2353 3342 ingeniose
2382 3285 2438 3325 et
2463 3292 2595 3327 vere
2620 3273 2703 3327 di-

625 3371 715 3421 90·
749 3355 882 3424 Quia
911 3365 1028 3406 sunt
1049 3353 1131 3406 ibi.
1174 3354 1258 3407 Ita
1285 3365 1428 3407 recte
1467 3365 1573 3406 vet.
1663 3364 1827 3405 ctum.
1848 3351 1989 3404 Nam
2008 3351 2067 3406 in
2089 3351 2407 3406 Borealibns
2419 3353 2511 3406 his
2531 3354 2705 3426 regio·

542 3434 720 3486 Delec-
743 3431 864 3487 ood.
895 3445 948 3484 et
970 3432 1132 3485 Paris.
1155 3450 1278 3484 cuin
1303 3431 1573 3486 Pintiano.
1660 3431 1820 3484 nibus
1834 3469 1851 3495 ,
1868 3443 1929 3483 ut
1942 3444 1997 3484 et
2010 3431 2068 3484 in
2090 3430 2389 3484 Canadensi
2404 3471 2421 3496 ,
2446 3432 2707 3505 Petu-opo·

538 3513 720 3567 Dalec.
752 3517 838 3584 qui
859 3525 974 3565 sune
997 3511 1068 3565 ibi
1092 3511 1406 3564 similtudine
1429 3521 1481 3563 ee
1498 3514 1569 3562 εἱ-
1658 3509 1850 3575 litana,
1865 3510 2087 3582 aliisque
2104 3511 2327 3573 ,seritur
2341 3529 2529 3564 mense
2542 3513 2703 3578 maio,

540 3603 643 3656 teu,
688 3592 956 3645 Atat-orum
995 3593 1200 3644 nomine.
1245 3592 1310 3643 In
1347 3602 1454 3644 vet.
1474 3609 1565 3661 ap,
1650 3589 1788 3660 julio
1816 3602 2104 3661 angustove
2128 3592 2377 3654 metitur,
2404 3592 2701 3662 septemb-i

535 3671 718 3725 Dalec.
747 3674 958 3726 Aeacon·
964 3709 981 3733 ,
1009 3690 1124 3725 non
1149 3671 1417 3724 Atacorum
1439 3671 1571 3740 legi·
1654 3682 1709 3722 et
1726 3669 1936 3722 octobri
1961 3671 2101 3727 fetus
2116 3669 2379 3723 arborum
2392 3669 2704 3742 decen-pnn-

535 3762 641 3802 tur.
666 3751 772 3804 En.
793 3781 876 3794 —-
900 3753 1058 3804 Ratio
1075 3789 1093 3816 ‚
1125 3751 1300 3822 inquit
1325 3749 1530 3803 Plinius
1547 3788 1565 3817 ,
1656 3761 1763 3802 tur.
1793 3748 1965 3802 Bao-r.

533 3848 632 3882 cur
657 3830 877 3902 qnidam
904 3831 1283 3902 Hyperboreos
1304 3830 1360 3882 in
1391 3829 1567 3899 prima
1736 3829 1950 3897 94.Nec
1962 3828 2094 3882 libet.
2106 3827 2193 3882 Sic
2206 3847 2297 3900 sp.
2314 3829 2499 3882 chiffl.
2516 3831 2697 3884 Dalec.

533 3921 685 3978 parte
712 3912 849 3963 Asia
879 3911 1128 3977 ‚littorum
1163 3910 1474 3980 posuerint,
1502 3929 1567 3964 ea
1654 3927 1741 3960 nec
1765 3909 1893 3962 licet.
1919 3909 2099 3961 En.-
2144 3909 2289 3960 Mela
2304 3909 2423 3962 hnc
2442 3927 2697 3988 quoque,

533 4001 640 4052 est,
662 3991 914 4060 quoniam
943 3990 1180 4042 Attacori
1200 3989 1276 4043 ibi
1292 3988 1565 4060 degentes,
1652 3986 1748 4042 lib.
1778 3989 1891 4052 111,
1913 4007 2032 4059 esp.
2062 3986 2118 4041 5.
2157 3987 2235 4040 Ex
2264 3988 2445 4041 Plinio
2478 3989 2697 4042 Solinus

435 4107 439 4111 ,
533 4068 758 4122 similem
785 4069 998 4123 vivendi
1026 4067 1400 4144 moriendique
1431 4087 1564 4123 oon·
1650 4068 1885 4140 accepit,
1916 4087 2032 4138 esp.
2056 4085 2203 4132 xvii,
2224 4085 2350 4139 pag.
2379 4069 2477 4142 37.
2494 4069 2696 4122 Omnes
