2950 5017
685 411 1190 510 PRRADISI
1255 435 1945 510 TERREsTms.
2245 438 2384 535 785

241 557 342 612 uhi
363 567 628 612 terrarum
655 569 828 625 esset,
847 569 962 612 erat
988 569 1118 611 tuno
1143 558 1531 627 incompertum
1550 575 1567 622 ς
1588 575 1689 612 nee
1712 558 2045 631 nobisipsis,
2066 559 2169 612 nisi
2192 562 2391 616 seculo

243 648 446 701 Christi
477 648 588 719 ipso
620 646 830 702 decimo
865 647 1094 720 septimo
1124 649 1238 720 jam
1276 645 1492 708 adulto,
1529 646 1695 718 paulo
1729 657 1855 700 ante
1887 658 2122 702 nostram
2146 659 2389 717 atatem,

243 736 498 790 innotuit.

325 833 552 895 Quacum·
584 828 785 894 capim,
819 826 874 878 in
902 839 1024 898 qun
1057 827 1212 878 divide·
1242 823 1436 878 fluvius
1478 823 1679 878 dieitur
1704 827 1850 889 inde,
1878 823 1987 878 hoo
2020 837 2131 888 est,
2166 845 2233 881 ex
2272 826 2391 902 ipso

247 912 533 976 Pan-adise,
555 911 734 968 dicere
753 912 942 986 Tigrin
967 931 1080 967 esse
1101 925 1156 966 et
1179 911 1537 986 Euphratem5
1562 911 1635 965 ita
1656 921 1717 965 ut
1740 931 1806 966 ex
1824 911 1908 966 his
1928 911 2039 966 dno
2060 928 2394 984 censeantur,

251 1021 390 1076 qnos
413 1001 616 1056 habent
639 1002 798 1054 ambo
828 1000 1004 1054 alveos
1027 1040 1044 1068 ,
1069 1001 1230 1074 longe
1269 1000 1580 1073 prinsquam
1615 999 1918 1072 conjunctis
1957 1002 2112 1074 aquis
2140 1003 2399 1058 immeent

249 1089 312 1142 in
342 1089 650 1144 Paradisum
683 1091 876 1160 (quem
900 1099 1180 1162 propterea
1204 1088 1491 1160 scriptores
1522 1087 1609 1142 isti
1644 1087 1700 1140 in
1730 1087 2023 1162 Babylonia
2055 1089 2321 1146 collocant
2337 1095 2395 1162 );

247 1176 354 1232 elia
391 1195 520 1232 vero
557 1175 703 1244 duo,
727 1175 864 1230 alvei
903 1176 980 1231 illi
1023 1176 1162 1240 siut,
1191 1194 1290 1248 per
1319 1193 1451 1248 quos
1490 1175 1626 1229 mari
1654 1173 1818 1229 iidem
1844 1194 2025 1230 smnes
2061 1177 2397 1246 illabuntur,

249 1279 536 1341 postquam
561 1267 760 1320 iterum
789 1284 846 1320 se
869 1263 1186 1318 diffiderunt
1211 1273 1362 1318 extra
1385 1263 1727 1330 Paradisum}
1755 1276 1809 1318 et
1833 1265 2030 1318 horum
2054 1267 2149 1319 nni
2172 1267 2400 1337 Phison,

249 1354 406 1409 alteri
431 1355 620 1408 Gehon
647 1371 842 1408 nomen
870 1354 1136 1420 tribuere;
1167 1352 1278 1406 sive
1303 1351 1402 1406 iste
1435 1350 1778 1406 occidentalis
1802 1353 1871 1406 sit
1888 1393 1905 1420 ‚
1936 1354 2067 1406 alter
2092 1355 2365 1409 orientalis
2382 1393 2401 1420 ,

253 1453 318 1496 ut
338 1441 583 1504 Calvino,
601 1460 663 1495 ac
683 1439 883 1494 deinde
904 1439 1176 1512 Scaligero
1199 1439 1398 1511 pheuit
1411 1477 1430 1502 ,
1459 1439 1687 1511 aliisque
1706 1459 1721 1504 ς
1752 1439 1862 1493 sive
1878 1457 1909 1492 e
1930 1457 2185 1494 converso
2208 1442 2403 1498 Gehon

253 1529 529 1585 orientalis
553 1530 792 1593 dicatur,
819 1527 1164 1583 occidentalis
1189 1529 1416 1596 Phison3
1439 1539 1520 1582 est
1541 1526 1649 1580 hoo
1675 1527 1884 1592 dicere,
1905 1528 2203 1601 Sequanam
2228 1533 2407 1603 proxi-

250 1637 346 1672 me
370 1631 654 1692 antequam
679 1617 906 1672 Parisios
931 1617 1146 1682 subest,
1172 1627 1392 1690 accepto
1411 1618 1526 1688 jam
1552 1635 1709 1669 amne
1734 1617 1987 1669 Matrona
2002 1656 2019 1682 ,
2043 1617 2211 1671 «inde
2234 1618 2409 1674 dividi

253 1707 316 1762 in
332 1719 562 1781 quatuor
576 1707 748 1780 capita
761 1731 787 1752 ι
803 1704 1114 1778 Πανὶρηιως
1136 1723 1370 1777 qnorum
1389 1704 1501 1758 duo
1522 1704 1624 1758 sint
1641 1706 1891 1777 Sequana
1908 1717 1961 1758 et
1977 1705 2219 1759 Matrona
2241 1707 2406 1763 leucis

253 1815 422 1869 supra
437 1795 666 1850 Parisios
689 1795 894 1849 duabus
913 1795 972 1846 in
987 1809 1160 1847 unum
1181 1811 1390 1846 amnem
1413 1793 1571 1846 illum
1592 1791 1953 1860 confluentes;
1976 1793 2088 1847 duo
2114 1795 2219 1848 alia
2235 1832 2250 1859 ,
2270 1795 2412 1852 alvei

253 1883 402 1948 duo,
425 1901 560 1956 qnos
586 1881 732 1936 idem
759 1881 958 1937 fluvius
985 1881 1184 1950 efficit,
1222 1881 1336 1936 sive
1369 1879 1438 1934 ad
1461 1883 1689 1936 Pontem
1716 1881 1897 1934 Mariae
1921 1883 2014 1954 qui
2041 1882 2268 1952 dicitur,
2296 1885 2410 1940 sive

257 1971 333 2027 ad
371 1973 595 2026 Pontem
627 1987 866 2035 novum3
901 1969 1240 2044 quantumvis
1280 1969 1491 2023 nullum
1528 1969 1677 2024 alind
1712 1987 1875 2042 qnam
1916 1971 2171 2044 Sequano
2209 1993 2409 2030 nomeu

152 2109 163 2112 -
255 2061 482 2132 utrique
519 2059 650 2114 hnic
689 2060 842 2113 alveo
876 2060 966 2113 vel
1005 2057 1165 2112 fuerit
1197 2056 1523 2132 aliquando,
1555 2058 1641 2112 vel
1672 2058 1966 2112 etiamnum
2006 2059 2090 2113 sit.
2133 2061 2295 2128 Quod
2334 2075 2417 2118 est

253 2148 531 2222 profecto,
569 2145 770 2220 siquid
803 2163 1044 2220 unquam
1074 2145 1210 2210 fuit,
1239 2144 1392 2199 dictu
1416 2146 1705 2199 absonum.
1747 2145 1922 2199 Nemo
1952 2148 2128 2212 enim,
2162 2161 2258 2202 aut
2282 2167 2415 2204 con·

257 2235 488 2290 fluentes
512 2247 697 2291 amnes
723 2235 890 2303 dnos,
919 2235 1014 2288 nbi
1033 2233 1316 2288 confluunt
1331 2271 1348 2300 ‚
1375 2233 1452 2286 ibi
1477 2234 1649 2307 espita
1673 2233 1965 2288 fluviorum
1992 2253 2103 2289 esse
2122 2237 2169 2290 si
2195 2236 2411 2308 dixerit,

257 2337 360 2386 ant
375 2323 596 2379 brachia
613 2363 628 2389 ,
645 2325 705 2379 in
722 2341 842 2396 quae
859 2339 920 2377 se
939 2341 1155 2377 rursum
1169 2321 1330 2376 findit
1349 2323 1521 2377 amnis
1540 2341 1707 2387 nnus,
1727 2322 1899 2395 capita
1916 2321 2153 2378 duorum
2168 2327 2413 2382 amnium

257 2415 662 2487 nuncupaverit
679 2453 696 2481 ,
720 2413 959 2468 inveniet
982 2411 1131 2484 apud
1155 2411 1406 2466 cordatos
1429 2410 1613 2466 fidem.

335 2501 502 2570 Quod
527 2501 570 2556 si
604 2498 890 2555 Psi-adiens
917 2497 985 2554 ad
1011 2501 1220 2556 alveum
1249 2499 1382 2552 situs
1407 2511 1519 2564 est,
1548 2517 1711 2573 quem
1735 2500 1916 2573 Tigris
1938 2513 1995 2555 et
2017 2501 2317 2574 Euphrates
2342 2505 2415 2557 si·

261 2591 382 2644 mul
407 2589 604 2656 efficit,
629 2600 696 2643 nt
723 2588 810 2642 isti
837 2585 1026 2643 volunt
1044 2625 1061 2653 ,
1089 2587 1196 2642 hoe
1219 2599 1328 2648 est,
1353 2588 1499 2640 inter
1525 2605 1647 2640 enm
1676 2586 1891 2655 locum,
1918 2588 2013 2642 ubi
2041 2589 2101 2642 hi
2127 2590 2241 2644 duo
2264 2591 2419 2645 fluvii

181 2681 198 2690 “
261 2680 642 2758 consociantur
658 2715 678 2744 ,
711 2693 972 2750 eumque,
1011 2677 1106 2732 nbi
1131 2677 1373 2751 ipsorum
1411 2675 1611 2730 fluenta
1630 2715 1647 2742 ,
1677 2690 1962 2751 antequam
1992 2679 2047 2732 in
2076 2679 2253 2734 sinum
2290 2681 2416 2735 Per-

264 2768 440 2822 sicum
459 2785 518 2821 se
538 2767 820 2830 evolvant,
847 2767 1038 2820 iterum
1069 2776 1414 2839 separantur3
1440 2783 1699 2838 quorsum
1726 2765 1817 2820 hie
1832 2806 1848 2830 ‚
1876 2767 2069 2821 amabo
2086 2807 2103 2834 ‚
2130 2769 2330 2824 mentio
2353 2771 2417 2824 fit

263 2875 300 2910 n
321 2855 475 2909 Mose
509 2867 746 2928 quatuor
784 2853 1018 2926 capitum
1036 2891 1053 2920 ,
1089 2854 1138 2920 qi
1174 2853 1307 2907 nihil
1343 2871 1410 2908 ea
1441 2865 1568 2908 sunt
1592 2853 1745 2908 aliud
1764 2894 1779 2921 ,
1814 2873 1977 2927 qnam
2011 2855 2188 2908 amnis
2218 2875 2359 2910 unus
2383 2877 2414 2912 e

265 2943 483 2998 dnobus
508 2941 764 2996 exsistens
794 2943 907 3014 jam
933 2959 968 2993 n
997 2939 1181 2994 multis
1220 2957 1380 3011 supra
1417 2939 1616 3007 leucis,
1661 2953 1715 2994 et
1756 2939 1899 2996 idem
1934 2961 2073 2994 nnus
2098 2955 2219 3015 post
2246 2945 2416 2998 multa

263 3047 518 3104 passuum
541 3029 710 3084 millia
733 3046 948 3084 rursum
968 3045 1026 3082 se
1050 3027 1259 3082 findens
1273 3032 1297 3079 Ρ
1319 3027 1483 3082 Nulla
1508 3028 1753 3100 profecto
1779 3046 1941 3083 cansa
1967 3029 2068 3083 fnit
2088 3048 2417 3087 commemo-

263 3117 422 3174 randi
452 3117 568 3173 sive
591 3115 948 3172 confluentem
975 3116 1128 3170 illum
1153 3153 1170 3180 ‚
1196 3115 1310 3171 sive
1345 3117 1489 3170 hanc
1516 3115 1781 3171 fissuram.
1826 3118 1962 3170 Satis
1988 3119 2207 3172 omnino
2232 3121 2420 3176 fuisset

265 3207 380 3262 dici
399 3245 417 3273 ,
445 3205 674 3260 fluvium
701 3223 812 3279 quo
836 3204 1111 3259 Pax-adim·
1135 3203 1427 3278 rigaretur,
1457 3203 1787 3276 Euphratem
1813 3217 1867 3259 et
1902 3207 2109 3278 Tigri·
2146 3225 2259 3262 esse
2276 3249 2295 3276 ‚
2322 3210 2419 3264 ubi

265 3313 442 3350 nnnm
479 3293 720 3349 efficiunt
743 3293 988 3361 alveum,
1012 3291 1326 3366 prinsquam
1351 3311 1497 3347 msre
1534 3291 1777 3346 subeant.
1813 3295 2011 3348 Cetera
2048 3309 2225 3350 essent
2258 3298 2421 3370 plane

267 3379 544 3456 superflua
568 3399 634 3436 ac
655 3379 1014 3436 redundantia
1030 3419 1048 3446 ,
1073 3399 1176 3436 neo
1201 3379 1365 3453 digna
1385 3377 1617 3452 proinde
1635 3379 1797 3434 Sacro
1820 3381 2107 3454 Scriptore.
2135 3387 2205 3438 At
2225 3385 2269 3438 si
2295 3399 2421 3440 sunt

267 3471 452 3544 reipsa
475 3469 703 3526 flumina
725 3482 960 3543 quatuor
981 3468 1198 3524 diversa
1213 3507 1230 3533 ‚
1253 3485 1442 3538 magns
1469 3486 1631 3523 esua
1652 3467 1833 3541 aliqua
1861 3469 2019 3524 fuisse
2042 3481 2219 3542 potest
2242 3473 2423 3528 existi-

269 3559 412 3612 mari
427 3593 446 3621 ‚
467 3557 818 3630 quamobrem
837 3569 890 3610 et
910 3557 1132 3610 nomina
1149 3573 1337 3610 eornm
1359 3554 1725 3610 indicarentur
1744 3571 1799 3608 et
1819 3556 1971 3610 situs.
1990 3557 2277 3612 Phisonem
2294 3579 2422 3614 vero

273 3659 388 3702 tam
409 3663 521 3699 esse
538 3645 854 3700 distinctum
875 3643 1078 3698 flumen
1093 3662 1128 3699 a
1144 3644 1368 3699 Gehoue
1381 3677 1398 3708 ,
1417 3663 1583 3716 quam
1600 3645 1667 3698 ab
1684 3657 1923 3718 utroque
1940 3644 2125 3700 diflert
2142 3647 2425 3718 soa-danis,

272 3735 399 3791 satis
424 3745 606 3808 aperte
643 3733 803 3789 docet
825 3734 986 3790 Sacer
1023 3733 1260 3806 Scriptor
1294 3732 1416 3786 libri
1442 3731 1794 3787 Ecclesiastiei
1831 3751 1965 3787 xxiv
1983 3773 1999 3798 ,
2040 3733 2108 3787 35
2130 3771 2147 3798 ,
2183 3753 2349 3807 quum
2393 3757 2425 3792 e

273 3821 513 3894 quinque
536 3819 846 3874 fluminibus
870 3821 1047 3893 primo
1071 3821 1190 3874 loco
1216 3819 1502 3874 Phisonem
1517 3859 1532 3886 ,
1558 3831 1835 3892 postremo
1864 3819 2143 3874 Gehonem
2166 3824 2420 3894 appellat.

279 3912 394 3964 Nec
433 3909 605 3981 potuit
639 3909 802 3982 igitur
843 3909 1048 3975 Moses,
1086 3925 1186 3962 nec
1217 3907 1423 3973 voluit,
1457 3907 1619 3961 unius
1652 3905 1887 3962 fluminis
1925 3909 2105 3962 alveos
2148 3908 2285 3964 duos
2328 3933 2427 3984 pro

181 4041 192 4052 .
281 3995 495 4052 duobus
519 3996 826 4052 fluminibus
849 3995 1380 4068 ponere.:Proesertim
1400 4013 1569 4067 quum
1595 4013 1768 4066 neque
1788 3996 1989 4066 abipso
2006 3993 2322 4063 Ptoiemm,
2350 4003 2429 4066 V,

285 4104 390 4152 ao,
409 4083 516 4138 alio
545 4083 765 4137 nomine
799 4102 960 4156 qnam
993 4081 1202 4153 Tigris,
1231 4081 1340 4136 sive
1374 4080 1569 4134 ostium
1600 4077 1715 4153 ejus
1750 4079 2006 4143 orientale
2042 4082 2219 4153 (quod
2261 4085 2431 4140 Plinio

399 4189 498 4254 II.
539 4211 546 4218 ·
1892 4207 1895 4211 ·
2069 4181 2163 4272 50
