<?xml version="1.0" encoding="UTF-8"?>
<!DOCTYPE html PUBLIC "-//W3C//DTD XHTML 1.0 Transitional//EN"
    "http://www.w3.org/TR/xhtml1/DTD/xhtml1-transitional.dtd">
<html xmlns="http://www.w3.org/1999/xhtml" xml:lang="en" lang="en">
 <head>
  <title>
</title>
<meta http-equiv="Content-Type" content="text/html;charset=utf-8" />
  <meta name='ocr-system' content='tesseract 3.04.00' />
  <meta name='ocr-capabilities' content='ocr_page ocr_carea ocr_par ocr_line ocrx_word'/>
</head>
<body>
  <div class='ocr_page' id='page_1' title='image "./caiipliniisecun06plingoog_0663.png"; bbox 0 0 2950 5017; ppageno 0'>
   <div class='ocr_carea' id='block_1_1' title="bbox 596 455 2203 550">
    <p class='ocr_par' dir='ltr' id='par_1_1' title="bbox 596 455 2203 550">
     <span class='ocr_line' id='line_1_1' title="bbox 596 455 2203 550; baseline 0.001 -21"><span class='ocrx_word' id='word_1_1' title='bbox 596 455 751 550; x_wconf 76' lang='lat'><strong>646</strong></span> <span class='ocrx_word' id='word_1_2' title='bbox 1128 462 1609 532; x_wconf 76' lang='lat' dir='ltr'><strong>c.1›1.1N11</strong></span> <span class='ocrx_word' id='word_1_3' title='bbox 1661 459 1889 531; x_wconf 79' lang='lat' dir='ltr'><strong>NAT.</strong></span> <span class='ocrx_word' id='word_1_4' title='bbox 1944 461 2203 530; x_wconf 79' lang='lat' dir='ltr'><strong>ffls‘r.</strong></span> 
     </span>
    </p>
   </div>
   <div class='ocr_carea' id='block_1_2' title="bbox 520 577 2723 1540">
    <p class='ocr_par' dir='ltr' id='par_1_2' title="bbox 520 577 2722 1540">
     <span class='ocr_line' id='line_1_2' title="bbox 593 577 2722 688; baseline 0 -29"><span class='ocrx_word' id='word_1_5' title='bbox 593 605 847 680; x_wconf 85' lang='lat' dir='ltr'><strong>tractu,</strong></span> <span class='ocrx_word' id='word_1_6' title='bbox 882 592 1247 687; x_wconf 89' lang='lat' dir='ltr'><strong>potentiam</strong></span> <span class='ocrx_word' id='word_1_7' title='bbox 1278 593 1774 688; x_wconf 71' lang='lat' dir='ltr'>claritatemque</span> <span class='ocrx_word' id='word_1_8' title='bbox 1815 591 2238 661; x_wconf 86' lang='lat' dir='ltr'><strong>antecedunt</strong></span> <span class='ocrx_word' id='word_1_9' title='bbox 2249 577 2524 661; x_wconf 81' lang='lat' dir='ltr'><strong>Prasii³¹</strong></span> <span class='ocrx_word' id='word_1_10' title='bbox 2537 637 2561 678; x_wconf 76' lang='grc'><strong>,</strong></span> <span class='ocrx_word' id='word_1_11' title='bbox 2603 615 2722 670; x_wconf 65' lang='lat' dir='ltr'><strong>am·</strong></span> 
     </span>
     <span class='ocr_line' id='line_1_3' title="bbox 591 682 2718 831; baseline 0 -67"><span class='ocrx_word' id='word_1_12' title='bbox 591 696 887 816; x_wconf 85' lang='lat' dir='ltr'><strong>plissima</strong></span> <span class='ocrx_word' id='word_1_13' title='bbox 936 697 1106 767; x_wconf 86' lang='lat' dir='ltr'><strong>urbe</strong></span> <span class='ocrx_word' id='word_1_14' title='bbox 1158 699 1630 831; x_wconf 76' lang='lat' dir='ltr'><strong>ditissimaque3</strong></span> <span class='ocrx_word' id='word_1_15' title='bbox 1663 682 2116 768; x_wconf 75' lang='lat' dir='ltr'><strong>Palibothra³²</strong></span> <span class='ocrx_word' id='word_1_16' title='bbox 2165 724 2181 766; x_wconf 90' lang='lat'>:</span> <span class='ocrx_word' id='word_1_17' title='bbox 2239 696 2420 766; x_wconf 86' lang='lat' dir='ltr'><strong>unde</strong></span> <span class='ocrx_word' id='word_1_18' title='bbox 2464 697 2718 792; x_wconf 81' lang='lat' dir='ltr'><strong>quidam</strong></span> 
     </span>
     <span class='ocr_line' id='line_1_4' title="bbox 592 791 2720 943; baseline 0.001 -72"><span class='ocrx_word' id='word_1_19' title='bbox 592 805 806 898; x_wconf 80' lang='lat' dir='ltr'>ipsam</span> <span class='ocrx_word' id='word_1_20' title='bbox 849 817 1129 943; x_wconf 85' lang='lat' dir='ltr'><strong>gentem</strong></span> <span class='ocrx_word' id='word_1_21' title='bbox 1147 791 1630 876; x_wconf 78' lang='lat' dir='ltr'><strong>Palibothros³³</strong></span> <span class='ocrx_word' id='word_1_22' title='bbox 1661 820 1962 936; x_wconf 77' lang='lat' dir='ltr'><strong>⁵vocant,</strong></span> <span class='ocrx_word' id='word_1_23' title='bbox 1993 805 2202 873; x_wconf 87' lang='lat' dir='ltr'><strong>immo</strong></span> <span class='ocrx_word' id='word_1_24' title='bbox 2245 827 2410 872; x_wconf 76' lang='lat' dir='ltr'><strong>vero</strong></span> <span class='ocrx_word' id='word_1_25' title='bbox 2445 818 2720 874; x_wconf 84' lang='lat' dir='ltr'><strong>tractum</strong></span> 
     </span>
     <span class='ocr_line' id='line_1_5' title="bbox 590 897 2720 1008; baseline 0.003 -32"><span class='ocrx_word' id='word_1_26' title='bbox 590 911 977 980; x_wconf 87' lang='lat' dir='ltr'><strong>universum</strong></span> <span class='ocrx_word' id='word_1_27' title='bbox 1021 897 1101 979; x_wconf 83' lang='lat' dir='ltr'><strong>a³</strong></span> <span class='ocrx_word' id='word_1_28' title='bbox 1106 898 1417 1006; x_wconf 80' lang='lat' dir='ltr'><strong>⁴Gange.</strong></span> <span class='ocrx_word' id='word_1_29' title='bbox 1454 897 1683 1008; x_wconf 82' lang='lat' dir='ltr'><strong>Regi³⁵</strong></span> <span class='ocrx_word' id='word_1_30' title='bbox 1715 935 1946 980; x_wconf 88' lang='lat' dir='ltr'><strong>eorum</strong></span> <span class='ocrx_word' id='word_1_31' title='bbox 1974 909 2272 1005; x_wconf 86' lang='lat' dir='ltr'><strong>peditum</strong></span> <span class='ocrx_word' id='word_1_32' title='bbox 2309 925 2626 980; x_wconf 78' lang='lat' dir='ltr'><strong>sexcenta</strong></span> <span class='ocrx_word' id='word_1_33' title='bbox 2651 933 2720 983; x_wconf 80' lang='grc' dir='ltr'><strong>ιι.</strong></span> 
     </span>
     <span class='ocr_line' id='line_1_6' title="bbox 591 1016 2723 1140; baseline -0.002 -50"><span class='ocrx_word' id='word_1_34' title='bbox 591 1017 889 1109; x_wconf 79' lang='lat' dir='ltr'><strong>equitum</strong></span> <span class='ocrx_word' id='word_1_35' title='bbox 928 1038 1061 1086; x_wconf 84' lang='lat' dir='ltr'><strong>xxx</strong></span> <span class='ocrx_word' id='word_1_36' title='bbox 1096 1039 1175 1088; x_wconf 78' lang='grc' dir='ltr'><strong>ιι.</strong></span> <span class='ocrx_word' id='word_1_37' title='bbox 1226 1017 1743 1140; x_wconf 83' lang='lat' dir='ltr'>elephantorum</span> <span class='ocrx_word' id='word_1_38' title='bbox 1780 1043 1856 1088; x_wconf 77' lang='lat' dir='ltr'><strong>tx</strong></span> <span class='ocrx_word' id='word_1_39' title='bbox 1903 1039 1984 1086; x_wconf 94' lang='grc' dir='ltr'><strong>ιι.</strong></span> <span class='ocrx_word' id='word_1_40' title='bbox 2021 1041 2144 1113; x_wconf 90' lang='lat' dir='ltr'><strong>per</strong></span> <span class='ocrx_word' id='word_1_41' title='bbox 2171 1039 2408 1085; x_wconf 86' lang='lat' dir='ltr'><strong>omnes</strong></span> <span class='ocrx_word' id='word_1_42' title='bbox 2441 1016 2588 1085; x_wconf 82' lang='lat' dir='ltr'><strong>dies</strong></span> <span class='ocrx_word' id='word_1_43' title='bbox 2617 1020 2723 1086; x_wconf 85' lang='lat' dir='ltr'><strong>sti·-</strong></span> 
     </span>
     <span class='ocr_line' id='line_1_7' title="bbox 520 1121 2722 1256; baseline 0.002 -70"><span class='ocrx_word' id='word_1_44' title='bbox 520 1136 555 1186; x_wconf 86' lang='lat'>6</span> <span class='ocrx_word' id='word_1_45' title='bbox 588 1121 1029 1216; x_wconf 88' lang='lat' dir='ltr'><strong>pendiantur:</strong></span> <span class='ocrx_word' id='word_1_46' title='bbox 1062 1122 1241 1193; x_wconf 89' lang='lat' dir='ltr'><strong>unde</strong></span> <span class='ocrx_word' id='word_1_47' title='bbox 1286 1125 1685 1256; x_wconf 87' lang='lat' dir='ltr'><strong>conjectatio</strong></span> <span class='ocrx_word' id='word_1_48' title='bbox 1722 1127 1959 1219; x_wconf 86' lang='lat' dir='ltr'><strong>ingens</strong></span> <span class='ocrx_word' id='word_1_49' title='bbox 1999 1147 2207 1219; x_wconf 90' lang='lat' dir='ltr'><strong>opum</strong></span> <span class='ocrx_word' id='word_1_50' title='bbox 2247 1135 2368 1192; x_wconf 64' lang='lat' dir='ltr'><strong>eat.</strong></span> <span class='ocrx_word' id='word_1_51' title='bbox 2411 1123 2574 1191; x_wconf 88' lang='lat' dir='ltr'><strong>Ab</strong></span> <span class='ocrx_word' id='word_1_52' title='bbox 2555 1125 2634 1191; x_wconf 78' lang='lat' dir='ltr'><strong>tis</strong></span> <span class='ocrx_word' id='word_1_53' title='bbox 2663 1126 2722 1198; x_wconf 78' lang='lat' dir='ltr'><strong>in</strong></span> 
     </span>
     <span class='ocr_line' id='line_1_8' title="bbox 585 1213 2722 1325; baseline 0.001 -31"><span class='ocrx_word' id='word_1_54' title='bbox 585 1229 903 1298; x_wconf 84' lang='lat' dir='ltr'><strong>interiore</strong></span> <span class='ocrx_word' id='word_1_55' title='bbox 932 1230 1063 1298; x_wconf 90' lang='lat' dir='ltr'><strong>situ</strong></span> <span class='ocrx_word' id='word_1_56' title='bbox 1092 1215 1483 1301; x_wconf 78' lang='lat' dir='ltr'><strong>Monedes³⁶</strong></span> <span class='ocrx_word' id='word_1_57' title='bbox 1500 1246 1569 1300; x_wconf 91' lang='lat' dir='ltr'><strong>et</strong></span> <span class='ocrx_word' id='word_1_58' title='bbox 1589 1231 1782 1300; x_wconf 85' lang='lat' dir='ltr'><strong>Suari</strong></span> <span class='ocrx_word' id='word_1_59' title='bbox 1797 1249 2122 1325; x_wconf 89' lang='lat' dir='ltr'><strong>‚quorum</strong></span> <span class='ocrx_word' id='word_1_60' title='bbox 2149 1253 2346 1298; x_wconf 89' lang='lat' dir='ltr'><strong>mons</strong></span> <span class='ocrx_word' id='word_1_61' title='bbox 2357 1213 2410 1268; x_wconf 84' lang='lat'><strong>³⁷</strong></span> <span class='ocrx_word' id='word_1_62' title='bbox 2434 1227 2722 1314; x_wconf 86' lang='lat' dir='ltr'><strong>Maleus,</strong></span> 
     </span>
     <span class='ocr_line' id='line_1_9' title="bbox 584 1333 2722 1433; baseline 0.002 -32"><span class='ocrx_word' id='word_1_63' title='bbox 584 1333 656 1401; x_wconf 89' lang='lat' dir='ltr'><strong>in</strong></span> <span class='ocrx_word' id='word_1_64' title='bbox 696 1358 832 1428; x_wconf 89' lang='lat' dir='ltr'><strong>quo</strong></span> <span class='ocrx_word' id='word_1_65' title='bbox 866 1335 1121 1405; x_wconf 83' lang='lat' dir='ltr'><strong>umbrae</strong></span> <span class='ocrx_word' id='word_1_66' title='bbox 1152 1335 1238 1406; x_wconf 88' lang='lat' dir='ltr'><strong>ad</strong></span> <span class='ocrx_word' id='word_1_67' title='bbox 1280 1338 1820 1433; x_wconf 77' lang='lat' dir='ltr'><strong>septemtrionem</strong></span> <span class='ocrx_word' id='word_1_68' title='bbox 1849 1335 2098 1406; x_wconf 83' lang='lat' dir='ltr'><strong>cadunt</strong></span> <span class='ocrx_word' id='word_1_69' title='bbox 2123 1335 2375 1422; x_wconf 85' lang='lat' dir='ltr'><strong>hieme,</strong></span> <span class='ocrx_word' id='word_1_70' title='bbox 2403 1348 2633 1404; x_wconf 53' lang='lat' dir='ltr'><strong>atate</strong></span> <span class='ocrx_word' id='word_1_71' title='bbox 2663 1337 2722 1406; x_wconf 80' lang='lat' dir='ltr'><strong>in</strong></span> 
     </span>
     <span class='ocr_line' id='line_1_10' title="bbox 584 1439 2722 1540; baseline 0 -32"><span class='ocrx_word' id='word_1_72' title='bbox 584 1454 883 1524; x_wconf 73' lang='lat' dir='ltr'><strong>austrum</strong></span> <span class='ocrx_word' id='word_1_73' title='bbox 906 1495 926 1528; x_wconf 95' lang='lat'><strong>,</strong></span> <span class='ocrx_word' id='word_1_74' title='bbox 944 1467 1066 1537; x_wconf 90' lang='lat' dir='ltr'><strong>per</strong></span> <span class='ocrx_word' id='word_1_75' title='bbox 1088 1465 1283 1512; x_wconf 86' lang='lat' dir='ltr'><strong>senos</strong></span> <span class='ocrx_word' id='word_1_76' title='bbox 1312 1469 1595 1514; x_wconf 88' lang='lat' dir='ltr'><strong>menses.</strong></span> <span class='ocrx_word' id='word_1_77' title='bbox 1619 1443 2138 1540; x_wconf 80' lang='lat' dir='ltr'><strong>septemtriones</strong></span> <span class='ocrx_word' id='word_1_78' title='bbox 2167 1465 2251 1510; x_wconf 86' lang='lat' dir='ltr'><strong>eo</strong></span> <span class='ocrx_word' id='word_1_79' title='bbox 2275 1453 2518 1509; x_wconf 82' lang='lat' dir='ltr'><strong>tractu.</strong></span> <span class='ocrx_word' id='word_1_80' title='bbox 2531 1439 2722 1510; x_wconf 86' lang='lat' dir='ltr'><strong>semel</strong></span> 
     </span>
    </p>
   </div>
   <div class='ocr_carea' id='block_1_3' title="bbox 1699 1631 2726 2259">
    <p class='ocr_par' dir='ltr' id='par_1_3' title="bbox 1699 1631 2726 2021">
     <span class='ocr_line' id='line_1_11' title="bbox 1788 1631 2722 1689; baseline -0.002 -1"><span class='ocrx_word' id='word_1_81' title='bbox 1788 1635 1883 1688; x_wconf 84' lang='grc'><strong>33.</strong></span> <span class='ocrx_word' id='word_1_82' title='bbox 1917 1633 2244 1689; x_wconf 73' lang='lat' dir='ltr'><strong>Pah‘bothms.</strong></span> <span class='ocrx_word' id='word_1_83' title='bbox 2280 1633 2404 1686; x_wconf 85' lang='lat' dir='ltr'><strong>Dal.</strong></span> <span class='ocrx_word' id='word_1_84' title='bbox 2437 1631 2722 1686; x_wconf 75' lang='lat' dir='ltr'><strong>Palibotm.</strong></span> 
     </span>
     <span class='ocr_line' id='line_1_12' title="bbox 1701 1711 2726 1783; baseline -0.001 -16"><span class='ocrx_word' id='word_1_85' title='bbox 1701 1713 1854 1780; x_wconf 85' lang='lat' dir='ltr'><strong>Quin</strong></span> <span class='ocrx_word' id='word_1_86' title='bbox 1869 1724 1922 1766; x_wconf 89' lang='lat' dir='ltr'><strong>et</strong></span> <span class='ocrx_word' id='word_1_87' title='bbox 1939 1731 2088 1783; x_wconf 75' lang='lat' dir='ltr'><strong>reges</strong></span> <span class='ocrx_word' id='word_1_88' title='bbox 2103 1711 2448 1765; x_wconf 73' lang='lat' dir='ltr'><strong>Palibothros</strong></span> <span class='ocrx_word' id='word_1_89' title='bbox 2462 1712 2726 1766; x_wconf 82' lang='lat' dir='ltr'><strong>communi</strong></span> 
     </span>
     <span class='ocr_line' id='line_1_13' title="bbox 1701 1791 2724 1864; baseline -0.002 -18"><span class='ocrx_word' id='word_1_90' title='bbox 1701 1792 2079 1864; x_wconf 77' lang='lat' dir='ltr'><strong>appellatione,</strong></span> <span class='ocrx_word' id='word_1_91' title='bbox 2095 1804 2159 1846; x_wconf 88' lang='lat' dir='ltr'><strong>ut</strong></span> <span class='ocrx_word' id='word_1_92' title='bbox 2170 1793 2389 1864; x_wconf 73' lang='lat' dir='ltr'><strong>AEgypti</strong></span> <span class='ocrx_word' id='word_1_93' title='bbox 2403 1791 2724 1860; x_wconf 62' lang='lat' dir='ltr'><strong>Ptolemaios,</strong></span> 
     </span>
     <span class='ocr_line' id='line_1_14' title="bbox 1700 1869 2722 1944; baseline -0.001 -19"><span class='ocrx_word' id='word_1_94' title='bbox 1700 1871 1995 1944; x_wconf 83' lang='lat' dir='ltr'><strong>appellatos</strong></span> <span class='ocrx_word' id='word_1_95' title='bbox 2023 1888 2134 1924; x_wconf 82' lang='lat' dir='ltr'><strong>esse</strong></span> <span class='ocrx_word' id='word_1_96' title='bbox 2169 1883 2361 1924; x_wconf 85' lang='lat' dir='ltr'><strong>auctor</strong></span> <span class='ocrx_word' id='word_1_97' title='bbox 2391 1884 2474 1924; x_wconf 69' lang='lat' dir='ltr'><strong>est</strong></span> <span class='ocrx_word' id='word_1_98' title='bbox 2506 1869 2722 1940; x_wconf 81' lang='lat' dir='ltr'><strong>Strabo,</strong></span> 
     </span>
     <span class='ocr_line' id='line_1_15' title="bbox 1699 1949 2669 2021; baseline -0.001 -18"><span class='ocrx_word' id='word_1_99' title='bbox 1699 1951 1799 2004; x_wconf 88' lang='lat' dir='ltr'><strong>lib.</strong></span> <span class='ocrx_word' id='word_1_100' title='bbox 1821 1951 1949 2016; x_wconf 77' lang='lat' dir='ltr'><strong>XV,</strong></span> <span class='ocrx_word' id='word_1_101' title='bbox 1970 1969 2095 2021; x_wconf 79' lang='lat' dir='ltr'><strong>pag.</strong></span> <span class='ocrx_word' id='word_1_102' title='bbox 2123 1968 2252 2020; x_wconf 77' lang='lat'>70²·</span> <span class='ocrx_word' id='word_1_103' title='bbox 2275 1949 2462 2004; x_wconf 60' lang='lat' dir='ltr'><strong>Ham).</strong></span> <span class='ocrx_word' id='word_1_104' title='bbox 2492 1964 2546 2004; x_wconf 85' lang='lat' dir='ltr'><strong>et</strong></span> <span class='ocrx_word' id='word_1_105' title='bbox 2571 1951 2669 2003; x_wconf 82' lang='lat' dir='ltr'><strong>En.</strong></span> 
     </span>
    </p>

    <p class='ocr_par' dir='ltr' id='par_1_4' title="bbox 1700 2029 2721 2259">
     <span class='ocr_line' id='line_1_16' title="bbox 1785 2029 2720 2102; baseline -0.001 -19"><span class='ocrx_word' id='word_1_106' title='bbox 1785 2029 1879 2102; x_wconf 73' lang='grc'><strong>34.</strong></span> <span class='ocrx_word' id='word_1_107' title='bbox 1894 2029 1950 2083; x_wconf 99' lang='lat' dir='ltr'><em>A</em></span> <span class='ocrx_word' id='word_1_108' title='bbox 1969 2029 2163 2100; x_wconf 63' lang='lat' dir='ltr'><strong>Gange.</strong></span> <span class='ocrx_word' id='word_1_109' title='bbox 2177 2029 2462 2082; x_wconf 70' lang='lat' dir='ltr'><strong>Reti-orsus</strong></span> <span class='ocrx_word' id='word_1_110' title='bbox 2473 2029 2720 2082; x_wconf 79' lang='lat' dir='ltr'><strong>nimirum</strong></span> 
     </span>
     <span class='ocr_line' id='line_1_17' title="bbox 1700 2105 2721 2180; baseline -0.002 -18"><span class='ocrx_word' id='word_1_111' title='bbox 1700 2127 1732 2162; x_wconf 85' lang='lat' dir='ltr'><strong>a</strong></span> <span class='ocrx_word' id='word_1_112' title='bbox 1759 2111 1947 2180; x_wconf 84' lang='lat' dir='ltr'><strong>Gange</strong></span> <span class='ocrx_word' id='word_1_113' title='bbox 1972 2107 2043 2162; x_wconf 82' lang='lat' dir='ltr'><strong>ad</strong></span> <span class='ocrx_word' id='word_1_114' title='bbox 2071 2105 2286 2161; x_wconf 84' lang='lat' dir='ltr'><strong>Indum.</strong></span> <span class='ocrx_word' id='word_1_115' title='bbox 2319 2105 2468 2160; x_wconf 77' lang='lat' dir='ltr'><strong>Mela</strong></span> <span class='ocrx_word' id='word_1_116' title='bbox 2495 2111 2721 2179; x_wconf 87' lang='lat' dir='ltr'><strong>Pompo·</strong></span> 
     </span>
     <span class='ocr_line' id='line_1_18' title="bbox 1700 2184 2716 2259; baseline 0.001 -18"><span class='ocrx_word' id='word_1_117' title='bbox 1700 2184 1858 2254; x_wconf 86' lang='lat' dir='ltr'><strong>nius,</strong></span> <span class='ocrx_word' id='word_1_118' title='bbox 1899 2187 1995 2241; x_wconf 89' lang='lat' dir='ltr'><strong>lib.</strong></span> <span class='ocrx_word' id='word_1_119' title='bbox 2035 2187 2152 2250; x_wconf 89' lang='lat'><strong>111,</strong></span> <span class='ocrx_word' id='word_1_120' title='bbox 2195 2205 2311 2259; x_wconf 87' lang='lat' dir='ltr'><strong>cap.</strong></span> <span class='ocrx_word' id='word_1_121' title='bbox 2347 2205 2415 2258; x_wconf 86' lang='lat'><strong>7,</strong></span> <span class='ocrx_word' id='word_1_122' title='bbox 2457 2206 2581 2259; x_wconf 82' lang='lat' dir='ltr'><strong>pag.</strong></span> <span class='ocrx_word' id='word_1_123' title='bbox 2613 2187 2716 2258; x_wconf 83' lang='lat'><strong>59:</strong></span> 
     </span>
    </p>
   </div>
   <div class='ocr_carea' id='block_1_4' title="bbox 580 1630 1618 2260">
    <p class='ocr_par' dir='ltr' id='par_1_5' title="bbox 584 1630 1618 1861">
     <span class='ocr_line' id='line_1_19' title="bbox 584 1630 1616 1704; baseline 0.009 -21"><span class='ocrx_word' id='word_1_124' title='bbox 584 1648 703 1702; x_wconf 78' lang='lat' dir='ltr'><strong>quae</strong></span> <span class='ocrx_word' id='word_1_125' title='bbox 732 1630 801 1686; x_wconf 84' lang='lat' dir='ltr'><strong>ad</strong></span> <span class='ocrx_word' id='word_1_126' title='bbox 828 1632 1088 1704; x_wconf 78' lang='lat' dir='ltr'><strong>Gangem.</strong></span> <span class='ocrx_word' id='word_1_127' title='bbox 1118 1635 1201 1688; x_wconf 85' lang='lat' dir='ltr'><strong>De</strong></span> <span class='ocrx_word' id='word_1_128' title='bbox 1232 1635 1333 1688; x_wconf 82' lang='lat' dir='ltr'><strong>bac</strong></span> <span class='ocrx_word' id='word_1_129' title='bbox 1358 1653 1493 1690; x_wconf 77' lang='lat' dir='ltr'><strong>voce</strong></span> <span class='ocrx_word' id='word_1_130' title='bbox 1517 1655 1616 1692; x_wconf 78' lang='lat' dir='ltr'><strong>mm</strong></span> 
     </span>
     <span class='ocr_line' id='line_1_20' title="bbox 584 1711 1618 1784; baseline 0.005 -23"><span class='ocrx_word' id='word_1_131' title='bbox 584 1711 761 1776; x_wconf 71' lang='lat' dir='ltr'><strong>modo,</strong></span> <span class='ocrx_word' id='word_1_132' title='bbox 794 1711 919 1766; x_wconf 82' lang='lat' dir='ltr'><strong>vide</strong></span> <span class='ocrx_word' id='word_1_133' title='bbox 951 1732 1071 1784; x_wconf 73' lang='lat' dir='ltr'><strong>qun</strong></span> <span class='ocrx_word' id='word_1_134' title='bbox 1114 1712 1349 1771; x_wconf 82' lang='lat' dir='ltr'><strong>diximus</strong></span> <span class='ocrx_word' id='word_1_135' title='bbox 1388 1715 1485 1771; x_wconf 82' lang='lat' dir='ltr'><strong>lib.</strong></span> <span class='ocrx_word' id='word_1_136' title='bbox 1529 1716 1618 1782; x_wconf 88' lang='lat' dir='ltr'><strong>V,</strong></span> 
     </span>
     <span class='ocr_line' id='line_1_21' title="bbox 584 1791 1042 1861; baseline 0.011 -20"><span class='ocrx_word' id='word_1_137' title='bbox 584 1808 703 1861; x_wconf 74' lang='lat' dir='ltr'><strong>cap.</strong></span> <span class='ocrx_word' id='word_1_138' title='bbox 740 1791 828 1846; x_wconf 81' lang='lat'><strong>15.</strong></span> <span class='ocrx_word' id='word_1_139' title='bbox 856 1793 1042 1846; x_wconf 70' lang='lat' dir='ltr'><strong>Hum-</strong></span> 
     </span>
    </p>

    <p class='ocr_par' dir='ltr' id='par_1_6' title="bbox 580 1871 1618 2260">
     <span class='ocr_line' id='line_1_22' title="bbox 668 1871 1617 1946; baseline 0.003 -23"><span class='ocrx_word' id='word_1_140' title='bbox 668 1871 764 1924; x_wconf 81' lang='lat'><strong>31.</strong></span> <span class='ocrx_word' id='word_1_141' title='bbox 798 1871 983 1924; x_wconf 78' lang='lat' dir='ltr'><strong><em>Prasii.</em></strong></span> <span class='ocrx_word' id='word_1_142' title='bbox 1020 1873 1271 1944; x_wconf 72' lang='lat' dir='ltr'><strong>llpoe‘etev,</strong></span> <span class='ocrx_word' id='word_1_143' title='bbox 1308 1871 1581 1946; x_wconf 81' lang='lat' dir='ltr'><strong>Stephano</strong></span> <span class='ocrx_word' id='word_1_144' title='bbox 1600 1913 1617 1938; x_wconf 87' lang='lat'><strong>,</strong></span> 
     </span>
     <span class='ocr_line' id='line_1_23' title="bbox 581 1950 1618 2024; baseline 0.004 -22"><span class='ocrx_word' id='word_1_145' title='bbox 581 1967 705 2020; x_wconf 79' lang='lat' dir='ltr'><strong>pag.</strong></span> <span class='ocrx_word' id='word_1_146' title='bbox 776 1950 909 2004; x_wconf 78' lang='lat'><strong>562.</strong></span> <span class='ocrx_word' id='word_1_147' title='bbox 965 1951 1175 2006; x_wconf 82' lang='lat' dir='ltr'><strong>Horum</strong></span> <span class='ocrx_word' id='word_1_148' title='bbox 1230 1953 1380 2024; x_wconf 81' lang='lat' dir='ltr'><strong>regio</strong></span> <span class='ocrx_word' id='word_1_149' title='bbox 1432 1953 1618 2024; x_wconf 77' lang='lat' dir='ltr'><strong>Gange</strong></span> 
     </span>
     <span class='ocr_line' id='line_1_24' title="bbox 584 2027 1617 2104; baseline 0.005 -25"><span class='ocrx_word' id='word_1_150' title='bbox 584 2027 958 2099; x_wconf 74' lang='lat' dir='ltr'><strong>claudebatur,</strong></span> <span class='ocrx_word' id='word_1_151' title='bbox 1001 2042 1057 2083; x_wconf 87' lang='lat' dir='ltr'><strong>et</strong></span> <span class='ocrx_word' id='word_1_152' title='bbox 1101 2029 1171 2084; x_wconf 86' lang='lat' dir='ltr'><strong>ad</strong></span> <span class='ocrx_word' id='word_1_153' title='bbox 1210 2029 1406 2084; x_wconf 85' lang='lat' dir='ltr'><strong>Indum</strong></span> <span class='ocrx_word' id='word_1_154' title='bbox 1448 2041 1617 2104; x_wconf 82' lang='lat' dir='ltr'><strong>usque</strong></span> 
     </span>
     <span class='ocr_line' id='line_1_25' title="bbox 580 2109 1617 2179; baseline 0.006 -20"><span class='ocrx_word' id='word_1_155' title='bbox 580 2109 906 2179; x_wconf 81' lang='lat' dir='ltr'><strong>pertinebat.</strong></span> <span class='ocrx_word' id='word_1_156' title='bbox 936 2111 1142 2162; x_wconf 85' lang='lat' dir='ltr'><strong>Eorum</strong></span> <span class='ocrx_word' id='word_1_157' title='bbox 1168 2110 1224 2163; x_wconf 86' lang='lat' dir='ltr'><strong>in</strong></span> <span class='ocrx_word' id='word_1_158' title='bbox 1254 2109 1487 2176; x_wconf 80' lang='lat' dir='ltr'><strong>finibus,</strong></span> <span class='ocrx_word' id='word_1_159' title='bbox 1514 2112 1617 2165; x_wconf 84' lang='lat' dir='ltr'><strong>hoc</strong></span> 
     </span>
     <span class='ocr_line' id='line_1_26' title="bbox 584 2185 1618 2260; baseline 0.005 -22"><span class='ocrx_word' id='word_1_160' title='bbox 584 2199 696 2251; x_wconf 75' lang='lat' dir='ltr'><strong>est,</strong></span> <span class='ocrx_word' id='word_1_161' title='bbox 718 2185 787 2240; x_wconf 82' lang='lat' dir='ltr'><strong>ad</strong></span> <span class='ocrx_word' id='word_1_162' title='bbox 816 2188 1016 2260; x_wconf 81' lang='lat' dir='ltr'><strong>Gangis</strong></span> <span class='ocrx_word' id='word_1_163' title='bbox 1035 2189 1205 2260; x_wconf 80' lang='lat' dir='ltr'><strong>ripam</strong></span> <span class='ocrx_word' id='word_1_164' title='bbox 1232 2189 1290 2242; x_wconf 88' lang='lat' dir='ltr'><strong>in</strong></span> <span class='ocrx_word' id='word_1_165' title='bbox 1314 2189 1618 2244; x_wconf 82' lang='lat' dir='ltr'><strong>confluente</strong></span> 
     </span>
    </p>
   </div>
   <div class='ocr_carea' id='block_1_5' title="bbox 583 2266 1618 2898">
    <p class='ocr_par' dir='ltr' id='par_1_7' title="bbox 583 2266 1618 2898">
     <span class='ocr_line' id='line_1_27' title="bbox 583 2266 1616 2340; baseline 0.006 -23"><span class='ocrx_word' id='word_1_166' title='bbox 583 2266 927 2321; x_wconf 70' lang='lat' dir='ltr'><strong>Erannoboae</strong></span> <span class='ocrx_word' id='word_1_167' title='bbox 943 2269 1143 2335; x_wconf 81' lang='lat' dir='ltr'><strong>amnis,</strong></span> <span class='ocrx_word' id='word_1_168' title='bbox 1158 2269 1253 2326; x_wconf 83' lang='lat' dir='ltr'><strong>sita</strong></span> <span class='ocrx_word' id='word_1_169' title='bbox 1269 2267 1616 2340; x_wconf 67' lang='grc' dir='ltr'><strong>Παλὶμῧοθρα,</strong></span> 
     </span>
     <span class='ocr_line' id='line_1_28' title="bbox 587 2344 1615 2422; baseline 0.008 -25"><span class='ocrx_word' id='word_1_170' title='bbox 587 2357 649 2406; x_wconf 74' lang='grc' dir='ltr'><strong>ιιι</strong></span> <span class='ocrx_word' id='word_1_171' title='bbox 670 2344 853 2403; x_wconf 75' lang='lat' dir='ltr'><strong>scribit</strong></span> <span class='ocrx_word' id='word_1_172' title='bbox 873 2347 1175 2401; x_wconf 76' lang='lat' dir='ltr'><strong>Arrianus‘</strong></span> <span class='ocrx_word' id='word_1_173' title='bbox 1158 2367 1216 2402; x_wconf 82' lang='grc' dir='ltr'><strong>ιιι</strong></span> <span class='ocrx_word' id='word_1_174' title='bbox 1238 2347 1467 2413; x_wconf 79' lang='lat' dir='ltr'><strong>Indicis,</strong></span> <span class='ocrx_word' id='word_1_175' title='bbox 1492 2365 1615 2422; x_wconf 71' lang='lat' dir='ltr'><strong>pag.</strong></span> 
     </span>
     <span class='ocr_line' id='line_1_29' title="bbox 590 2423 1618 2498; baseline 0.003 -21"><span class='ocrx_word' id='word_1_176' title='bbox 590 2423 734 2494; x_wconf 77' lang='lat'><strong>529,</strong></span> <span class='ocrx_word' id='word_1_177' title='bbox 756 2439 809 2479; x_wconf 89' lang='lat' dir='ltr'><strong>et</strong></span> <span class='ocrx_word' id='word_1_178' title='bbox 830 2425 1160 2498; x_wconf 74' lang='lat' dir='ltr'><strong>Stephanus:</strong></span> <span class='ocrx_word' id='word_1_179' title='bbox 1179 2428 1288 2481; x_wconf 85' lang='lat' dir='ltr'><strong>sive</strong></span> <span class='ocrx_word' id='word_1_180' title='bbox 1308 2423 1618 2498; x_wconf 67' lang='grc' dir='ltr'><strong>Παλίὸοορα,</strong></span> 
     </span>
     <span class='ocr_line' id='line_1_30' title="bbox 584 2505 1618 2578; baseline 0.005 -22"><span class='ocrx_word' id='word_1_181' title='bbox 584 2514 650 2556; x_wconf 90' lang='grc' dir='ltr'><strong>ιιι</strong></span> <span class='ocrx_word' id='word_1_182' title='bbox 690 2505 916 2569; x_wconf 86' lang='lat' dir='ltr'><strong>Strabo,</strong></span> <span class='ocrx_word' id='word_1_183' title='bbox 948 2507 1049 2560; x_wconf 90' lang='lat' dir='ltr'><strong>lib.</strong></span> <span class='ocrx_word' id='word_1_184' title='bbox 1080 2507 1216 2573; x_wconf 85' lang='lat' dir='ltr'><strong>XV,</strong></span> <span class='ocrx_word' id='word_1_185' title='bbox 1244 2523 1367 2578; x_wconf 75' lang='lat' dir='ltr'><strong>pag.</strong></span> <span class='ocrx_word' id='word_1_186' title='bbox 1406 2510 1554 2577; x_wconf 86' lang='grc'><strong>689,</strong></span> <span class='ocrx_word' id='word_1_187' title='bbox 1587 2526 1618 2561; x_wconf 85' lang='lat' dir='ltr'><strong>a</strong></span> 
     </span>
     <span class='ocr_line' id='line_1_31' title="bbox 585 2583 1616 2659; baseline 0.004 -23"><span class='ocrx_word' id='word_1_188' title='bbox 585 2583 789 2655; x_wconf 74' lang='lat' dir='ltr'><strong>Gangis</strong></span> <span class='ocrx_word' id='word_1_189' title='bbox 814 2585 991 2650; x_wconf 82' lang='lat' dir='ltr'><strong>ostiis,</strong></span> <span class='ocrx_word' id='word_1_190' title='bbox 1030 2587 1143 2640; x_wconf 85' lang='lat' dir='ltr'><strong>fere</strong></span> <span class='ocrx_word' id='word_1_191' title='bbox 1174 2603 1277 2640; x_wconf 82' lang='lat' dir='ltr'><strong>noe</strong></span> <span class='ocrx_word' id='word_1_192' title='bbox 1310 2585 1446 2638; x_wconf 81' lang='lat' dir='ltr'><strong>mill.</strong></span> <span class='ocrx_word' id='word_1_193' title='bbox 1481 2603 1616 2659; x_wconf 81' lang='lat' dir='ltr'><strong>pass.</strong></span> 
     </span>
     <span class='ocr_line' id='line_1_32' title="bbox 584 2661 1614 2735; baseline 0.002 -19"><span class='ocrx_word' id='word_1_194' title='bbox 584 2662 751 2718; x_wconf 85' lang='lat' dir='ltr'><strong>Urbis</strong></span> <span class='ocrx_word' id='word_1_195' title='bbox 782 2661 1193 2735; x_wconf 82' lang='lat' dir='ltr'><strong>amplitudinem</strong></span> <span class='ocrx_word' id='word_1_196' title='bbox 1232 2678 1287 2718; x_wconf 90' lang='lat' dir='ltr'><strong>et</strong></span> <span class='ocrx_word' id='word_1_197' title='bbox 1328 2666 1614 2734; x_wconf 80' lang='lat' dir='ltr'><strong>Arrianus,</strong></span> 
     </span>
     <span class='ocr_line' id='line_1_33' title="bbox 586 2743 1616 2812; baseline 0.001 -15"><span class='ocrx_word' id='word_1_198' title='bbox 586 2754 643 2797; x_wconf 83' lang='lat' dir='ltr'><strong>et</strong></span> <span class='ocrx_word' id='word_1_199' title='bbox 696 2743 888 2808; x_wconf 83' lang='lat' dir='ltr'><strong>Strabo</strong></span> <span class='ocrx_word' id='word_1_200' title='bbox 910 2783 929 2808; x_wconf 89' lang='lat'><strong>,</strong></span> <span class='ocrx_word' id='word_1_201' title='bbox 978 2743 1307 2801; x_wconf 84' lang='lat' dir='ltr'><strong>describunt.</strong></span> <span class='ocrx_word' id='word_1_202' title='bbox 1360 2745 1580 2798; x_wconf 85' lang='lat' dir='ltr'><strong>Curtius</strong></span> <span class='ocrx_word' id='word_1_203' title='bbox 1599 2786 1616 2812; x_wconf 89' lang='lat'><strong>,</strong></span> 
     </span>
     <span class='ocr_line' id='line_1_34' title="bbox 585 2820 1617 2898; baseline 0.005 -26"><span class='ocrx_word' id='word_1_204' title='bbox 585 2820 681 2873; x_wconf 89' lang='lat' dir='ltr'><strong>lib.</strong></span> <span class='ocrx_word' id='word_1_205' title='bbox 712 2823 825 2888; x_wconf 83' lang='lat' dir='ltr'><strong>IX,</strong></span> <span class='ocrx_word' id='word_1_206' title='bbox 852 2841 970 2896; x_wconf 87' lang='lat' dir='ltr'><strong>cap.</strong></span> <span class='ocrx_word' id='word_1_207' title='bbox 1006 2825 1037 2878; x_wconf 86' lang='lat'>5</span> <span class='ocrx_word' id='word_1_208' title='bbox 1063 2861 1083 2890; x_wconf 87' lang='lat'><strong>,</strong></span> <span class='ocrx_word' id='word_1_209' title='bbox 1114 2842 1235 2898; x_wconf 80' lang='lat' dir='ltr'><strong>pag.</strong></span> <span class='ocrx_word' id='word_1_210' title='bbox 1268 2823 1413 2890; x_wconf 82' lang='lat'><strong>356,</strong></span> <span class='ocrx_word' id='word_1_211' title='bbox 1444 2823 1617 2890; x_wconf 84' lang='lat' dir='ltr'><strong>mani·</strong></span> 
     </span>
    </p>
   </div>
   <div class='ocr_carea' id='block_1_6' title="bbox 586 2899 1618 2978">
    <p class='ocr_par' dir='ltr' id='par_1_8' title="bbox 586 2899 1618 2978">
     <span class='ocr_line' id='line_1_35' title="bbox 586 2899 1618 2978; baseline 0.006 -27"><span class='ocrx_word' id='word_1_212' title='bbox 586 2899 723 2953; x_wconf 76' lang='lat' dir='ltr'><strong>sesto</strong></span> <span class='ocrx_word' id='word_1_213' title='bbox 749 2920 931 2955; x_wconf 86' lang='lat' dir='ltr'><strong>errore</strong></span> <span class='ocrx_word' id='word_1_214' title='bbox 963 2905 1273 2958; x_wconf 84' lang='lat' dir='ltr'><strong>ulteriorem</strong></span> <span class='ocrx_word' id='word_1_215' title='bbox 1309 2904 1514 2978; x_wconf 80' lang='lat' dir='ltr'><strong>Gangis</strong></span> <span class='ocrx_word' id='word_1_216' title='bbox 1542 2903 1618 2957; x_wconf 84' lang='lat' dir='ltr'><strong>ri·-</strong></span> 
     </span>
    </p>
   </div>
   <div class='ocr_carea' id='block_1_7' title="bbox 584 2979 1620 3049">
    <p class='ocr_par' dir='ltr' id='par_1_9' title="bbox 584 2979 1620 3049">
     <span class='ocr_line' id='line_1_36' title="bbox 584 2979 1620 3049; baseline 0.004 -17"><span class='ocrx_word' id='word_1_217' title='bbox 584 2997 709 3049; x_wconf 73' lang='grc' dir='ltr'><strong>μω</strong></span> <span class='ocrx_word' id='word_1_218' title='bbox 728 2981 903 3035; x_wconf 89' lang='lat' dir='ltr'><strong>colere</strong></span> <span class='ocrx_word' id='word_1_219' title='bbox 914 2979 1053 3037; x_wconf 80' lang='lat' dir='ltr'><strong>dixit</strong></span> <span class='ocrx_word' id='word_1_220' title='bbox 1067 2982 1389 3044; x_wconf 80' lang='lat' dir='ltr'><strong>Parrhasios.</strong></span> <span class='ocrx_word' id='word_1_221' title='bbox 1400 2983 1469 3036; x_wconf 89' lang='lat' dir='ltr'><strong>Et</strong></span> <span class='ocrx_word' id='word_1_222' title='bbox 1489 2983 1620 3036; x_wconf 79' lang='lat' dir='ltr'><strong>Pra-</strong></span> 
     </span>
    </p>
   </div>
   <div class='ocr_carea' id='block_1_8' title="bbox 568 3057 1616 4163">
    <p class='ocr_par' dir='ltr' id='par_1_10' title="bbox 572 3057 1616 3924">
     <span class='ocr_line' id='line_1_37' title="bbox 584 3057 1616 3133; baseline 0.006 -23"><span class='ocrx_word' id='word_1_223' title='bbox 584 3061 682 3111; x_wconf 76' lang='lat' dir='ltr'><strong>sios</strong></span> <span class='ocrx_word' id='word_1_224' title='bbox 708 3057 885 3116; x_wconf 81' lang='lat' dir='ltr'><strong>dicere</strong></span> <span class='ocrx_word' id='word_1_225' title='bbox 922 3063 1191 3133; x_wconf 88' lang='lat' dir='ltr'><strong>oportuit,</strong></span> <span class='ocrx_word' id='word_1_226' title='bbox 1213 3076 1267 3116; x_wconf 89' lang='lat' dir='ltr'><strong>et</strong></span> <span class='ocrx_word' id='word_1_227' title='bbox 1291 3061 1347 3114; x_wconf 88' lang='lat' dir='ltr'><strong>in</strong></span> <span class='ocrx_word' id='word_1_228' title='bbox 1369 3063 1616 3117; x_wconf 83' lang='lat' dir='ltr'><strong>citeriore</strong></span> 
     </span>
     <span class='ocr_line' id='line_1_38' title="bbox 585 3137 1616 3214; baseline 0.004 -24"><span class='ocrx_word' id='word_1_229' title='bbox 585 3137 873 3206; x_wconf 81' lang='lat' dir='ltr'><strong>collocare,</strong></span> <span class='ocrx_word' id='word_1_230' title='bbox 896 3139 1035 3195; x_wconf 84' lang='lat' dir='ltr'><strong>inter</strong></span> <span class='ocrx_word' id='word_1_231' title='bbox 1052 3141 1247 3205; x_wconf 80' lang='lat' dir='ltr'><strong>Indum</strong></span> <span class='ocrx_word' id='word_1_232' title='bbox 1272 3153 1325 3195; x_wconf 86' lang='lat' dir='ltr'><strong>et</strong></span> <span class='ocrx_word' id='word_1_233' title='bbox 1349 3141 1616 3214; x_wconf 76' lang='lat' dir='ltr'><strong>Gangem,</strong></span> 
     </span>
     <span class='ocr_line' id='line_1_39' title="bbox 586 3215 1613 3293; baseline 0.004 -23"><span class='ocrx_word' id='word_1_234' title='bbox 586 3230 648 3270; x_wconf 87' lang='lat' dir='ltr'><strong>ut</strong></span> <span class='ocrx_word' id='word_1_235' title='bbox 678 3236 743 3271; x_wconf 80' lang='lat' dir='ltr'><strong>ex</strong></span> <span class='ocrx_word' id='word_1_236' title='bbox 782 3218 925 3272; x_wconf 77' lang='lat' dir='ltr'><strong>Mela</strong></span> <span class='ocrx_word' id='word_1_237' title='bbox 962 3221 1267 3293; x_wconf 63' lang='lat' dir='ltr'><strong>caterisque</strong></span> <span class='ocrx_word' id='word_1_238' title='bbox 1310 3215 1613 3277; x_wconf 74' lang='lat' dir='ltr'><strong>docuimus.</strong></span> 
     </span>
     <span class='ocr_line' id='line_1_40' title="bbox 584 3296 1614 3372; baseline 0.005 -23"><span class='ocrx_word' id='word_1_239' title='bbox 584 3296 898 3364; x_wconf 75' lang='lat' dir='ltr'><strong>Salmasius,</strong></span> <span class='ocrx_word' id='word_1_240' title='bbox 924 3298 979 3352; x_wconf 87' lang='lat' dir='ltr'><strong>in</strong></span> <span class='ocrx_word' id='word_1_241' title='bbox 1004 3299 1172 3354; x_wconf 88' lang='lat' dir='ltr'><strong>Solin.</strong></span> <span class='ocrx_word' id='word_1_242' title='bbox 1195 3319 1318 3372; x_wconf 72' lang='lat' dir='ltr'><strong>pag.</strong></span> <span class='ocrx_word' id='word_1_243' title='bbox 1345 3307 1457 3372; x_wconf 74' lang='grc'><strong>994</strong></span> <span class='ocrx_word' id='word_1_244' title='bbox 1475 3339 1490 3364; x_wconf 91' lang='grc'><strong>,</strong></span> <span class='ocrx_word' id='word_1_245' title='bbox 1517 3301 1614 3372; x_wconf 85' lang='lat' dir='ltr'><strong>qui</strong></span> 
     </span>
     <span class='ocr_line' id='line_1_41' title="bbox 582 3374 1611 3451; baseline 0.005 -23"><span class='ocrx_word' id='word_1_246' title='bbox 582 3374 794 3431; x_wconf 83' lang='lat' dir='ltr'><strong>Prasios</strong></span> <span class='ocrx_word' id='word_1_247' title='bbox 817 3395 940 3431; x_wconf 82' lang='lat' dir='ltr'><strong>eum</strong></span> <span class='ocrx_word' id='word_1_248' title='bbox 974 3379 1167 3432; x_wconf 88' lang='lat' dir='ltr'><strong>Curtio</strong></span> <span class='ocrx_word' id='word_1_249' title='bbox 1198 3379 1338 3432; x_wconf 80' lang='lat' dir='ltr'><strong>ultra</strong></span> <span class='ocrx_word' id='word_1_250' title='bbox 1368 3377 1611 3451; x_wconf 76' lang='lat' dir='ltr'><strong>Gangem</strong></span> 
     </span>
     <span class='ocr_line' id='line_1_42' title="bbox 580 3457 1614 3528; baseline 0.006 -20"><span class='ocrx_word' id='word_1_251' title='bbox 580 3457 811 3527; x_wconf 78' lang='lat' dir='ltr'><strong>relegat,</strong></span> <span class='ocrx_word' id='word_1_252' title='bbox 862 3457 1117 3528; x_wconf 82' lang='lat' dir='ltr'><strong>expedire</strong></span> <span class='ocrx_word' id='word_1_253' title='bbox 1168 3477 1225 3513; x_wconf 87' lang='lat' dir='ltr'><strong>se</strong></span> <span class='ocrx_word' id='word_1_254' title='bbox 1272 3478 1305 3512; x_wconf 89' lang='lat' dir='ltr'><strong>a</strong></span> <span class='ocrx_word' id='word_1_255' title='bbox 1354 3459 1614 3515; x_wconf 85' lang='lat' dir='ltr'><strong>Plinianis</strong></span> 
     </span>
     <span class='ocr_line' id='line_1_43' title="bbox 580 3535 1612 3610; baseline 0.006 -23"><span class='ocrx_word' id='word_1_256' title='bbox 580 3535 760 3588; x_wconf 82' lang='lat' dir='ltr'><strong>verbis</strong></span> <span class='ocrx_word' id='word_1_257' title='bbox 796 3538 1017 3608; x_wconf 82' lang='lat' dir='ltr'><strong>nequit,</strong></span> <span class='ocrx_word' id='word_1_258' title='bbox 1052 3555 1172 3610; x_wconf 65' lang='lat' dir='ltr'><strong>quo</strong></span> <span class='ocrx_word' id='word_1_259' title='bbox 1196 3537 1297 3592; x_wconf 83' lang='lat' dir='ltr'><strong>sub</strong></span> <span class='ocrx_word' id='word_1_260' title='bbox 1330 3537 1494 3592; x_wconf 83' lang='lat' dir='ltr'><strong>finem</strong></span> <span class='ocrx_word' id='word_1_261' title='bbox 1525 3557 1612 3593; x_wconf 82' lang='lat' dir='ltr'><strong>ca·</strong></span> 
     </span>
     <span class='ocr_line' id='line_1_44' title="bbox 576 3613 1612 3688; baseline 0.006 -23"><span class='ocrx_word' id='word_1_262' title='bbox 576 3614 707 3683; x_wconf 83' lang='lat' dir='ltr'><strong>pitis</strong></span> <span class='ocrx_word' id='word_1_263' title='bbox 738 3615 897 3686; x_wconf 82' lang='lat' dir='ltr'><strong>hujus</strong></span> <span class='ocrx_word' id='word_1_264' title='bbox 926 3617 1217 3688; x_wconf 78' lang='lat' dir='ltr'><strong>leguntur:</strong></span> <span class='ocrx_word' id='word_1_265' title='bbox 1256 3643 1279 3666; x_wconf 80' lang='grc' dir='ltr'><strong>ι</strong></span> <span class='ocrx_word' id='word_1_266' title='bbox 1298 3613 1466 3671; x_wconf 86' lang='lat' dir='ltr'><strong>Indus</strong></span> <span class='ocrx_word' id='word_1_267' title='bbox 1508 3632 1612 3672; x_wconf 82' lang='lat' dir='ltr'><strong>sta-</strong></span> 
     </span>
     <span class='ocr_line' id='line_1_45' title="bbox 576 3693 1610 3770; baseline 0.001 -20"><span class='ocrx_word' id='word_1_268' title='bbox 576 3693 675 3750; x_wconf 81' lang='lat' dir='ltr'><strong>tim</strong></span> <span class='ocrx_word' id='word_1_269' title='bbox 698 3713 725 3747; x_wconf 89' lang='lat' dir='ltr'><strong>a</strong></span> <span class='ocrx_word' id='word_1_270' title='bbox 749 3696 1049 3751; x_wconf 74' lang='lat' dir='ltr'><strong>Prasiorum</strong></span> <span class='ocrx_word' id='word_1_271' title='bbox 1072 3709 1227 3770; x_wconf 78' lang='lat' dir='ltr'><strong>gente</strong></span> <span class='ocrx_word' id='word_1_272' title='bbox 1248 3723 1271 3746; x_wconf 75' lang='grc' dir='ltr'><strong>ι</strong></span> <span class='ocrx_word' id='word_1_273' title='bbox 1294 3715 1309 3750; x_wconf 88' lang='lat'><strong>:</strong></span> <span class='ocrx_word' id='word_1_274' title='bbox 1335 3714 1433 3750; x_wconf 88' lang='lat' dir='ltr'><strong>nec</strong></span> <span class='ocrx_word' id='word_1_275' title='bbox 1451 3697 1610 3751; x_wconf 86' lang='lat' dir='ltr'><strong>Pom·</strong></span> 
     </span>
     <span class='ocr_line' id='line_1_46' title="bbox 574 3774 1604 3848; baseline 0.006 -23"><span class='ocrx_word' id='word_1_276' title='bbox 574 3774 807 3842; x_wconf 86' lang='lat' dir='ltr'><strong>poniana</strong></span> <span class='ocrx_word' id='word_1_277' title='bbox 830 3813 848 3840; x_wconf 93' lang='lat'><strong>,</strong></span> <span class='ocrx_word' id='word_1_278' title='bbox 892 3793 1051 3848; x_wconf 84' lang='lat' dir='ltr'><strong>quem</strong></span> <span class='ocrx_word' id='word_1_279' title='bbox 1096 3777 1153 3830; x_wconf 90' lang='lat' dir='ltr'><strong>in</strong></span> <span class='ocrx_word' id='word_1_280' title='bbox 1201 3795 1414 3831; x_wconf 82' lang='lat' dir='ltr'><strong>sensum</strong></span> <span class='ocrx_word' id='word_1_281' title='bbox 1461 3777 1604 3831; x_wconf 85' lang='lat' dir='ltr'><strong>acci-</strong></span> 
     </span>
     <span class='ocr_line' id='line_1_47' title="bbox 572 3851 1335 3924; baseline 0.009 -20"><span class='ocrx_word' id='word_1_282' title='bbox 572 3851 771 3924; x_wconf 82' lang='lat' dir='ltr'><strong>pienda</strong></span> <span class='ocrx_word' id='word_1_283' title='bbox 794 3855 932 3919; x_wconf 81' lang='lat' dir='ltr'><strong>sint,</strong></span> <span class='ocrx_word' id='word_1_284' title='bbox 964 3856 1118 3910; x_wconf 85' lang='lat' dir='ltr'><strong>vidit.</strong></span> <span class='ocrx_word' id='word_1_285' title='bbox 1150 3853 1335 3911; x_wconf 60' lang='lat' dir='ltr'><strong>Hann.</strong></span> 
     </span>
    </p>

    <p class='ocr_par' dir='ltr' id='par_1_11' title="bbox 568 3934 1599 4145">
     <span class='ocr_line' id='line_1_48' title="bbox 654 3934 1599 3990; baseline 0.004 -6"><span class='ocrx_word' id='word_1_286' title='bbox 654 3937 746 3987; x_wconf 77' lang='lat'><strong>32.</strong></span> <span class='ocrx_word' id='word_1_287' title='bbox 779 3934 1083 3988; x_wconf 74' lang='lat' dir='ltr'><strong>Palibothra.</strong></span> <span class='ocrx_word' id='word_1_288' title='bbox 1115 3937 1293 3990; x_wconf 86' lang='lat' dir='ltr'><strong>Dalec.</strong></span> <span class='ocrx_word' id='word_1_289' title='bbox 1325 3934 1599 3990; x_wconf 75' lang='lat' dir='ltr'><strong>Paliboem.</strong></span> 
     </span>
     <span class='ocr_line' id='line_1_49' title="bbox 568 4009 1601 4084; baseline 0.004 -20"><span class='ocrx_word' id='word_1_290' title='bbox 568 4009 764 4076; x_wconf 79' lang='lat' dir='ltr'><strong>Nunc,</strong></span> <span class='ocrx_word' id='word_1_291' title='bbox 812 4026 876 4068; x_wconf 83' lang='lat' dir='ltr'><strong>ut</strong></span> <span class='ocrx_word' id='word_1_292' title='bbox 917 4015 993 4070; x_wconf 86' lang='lat' dir='ltr'><strong>ait</strong></span> <span class='ocrx_word' id='word_1_293' title='bbox 1029 4014 1370 4084; x_wconf 57' lang='lat' dir='ltr'><strong>natum,</strong></span> <span class='ocrx_word' id='word_1_294' title='bbox 1413 4015 1601 4069; x_wconf 59' lang='lat' dir='ltr'><strong>Auali-</strong></span> 
     </span>
     <span class='ocr_line' id='line_1_50' title="bbox 569 4091 845 4163; baseline 0.012 -21"><span class='ocrx_word' id='word_1_295' title='bbox 569 4091 717 4163; x_wconf 57' lang='lat' dir='ltr'><strong>abad.</strong></span> <span class='ocrx_word' id='word_1_296' title='bbox 739 4092 845 4145; x_wconf 79' lang='lat' dir='ltr'><strong>En.</strong></span> 
     </span>
    </p>
   </div>
   <div class='ocr_carea' id='block_1_9' title="bbox 1684 2263 2726 4166">
    <p class='ocr_par' dir='ltr' id='par_1_12' title="bbox 1698 2263 2719 2419">
     <span class='ocr_line' id='line_1_51' title="bbox 1700 2263 2719 2338; baseline 0.001 -18.046"><span class='ocrx_word' id='word_1_297' title='bbox 1700 2267 1880 2320; x_wconf 71' lang='lat' dir='ltr'><strong>«Orat</strong></span> <span class='ocrx_word' id='word_1_298' title='bbox 1910 2278 2093 2320; x_wconf 89' lang='lat' dir='ltr'><strong>tenent</strong></span> <span class='ocrx_word' id='word_1_299' title='bbox 2116 2268 2186 2320; x_wconf 86' lang='lat' dir='ltr'><strong>ab</strong></span> <span class='ocrx_word' id='word_1_300' title='bbox 2222 2265 2363 2320; x_wconf 83' lang='lat' dir='ltr'><strong>Indo</strong></span> <span class='ocrx_word' id='word_1_301' title='bbox 2387 2263 2460 2320; x_wconf 83' lang='lat' dir='ltr'><strong>ad</strong></span> <span class='ocrx_word' id='word_1_302' title='bbox 2495 2267 2719 2338; x_wconf 78' lang='lat' dir='ltr'><strong>Gangen</strong></span> 
     </span>
     <span class='ocr_line' id='line_1_52' title="bbox 1698 2344 2719 2419; baseline 0 -20"><span class='ocrx_word' id='word_1_303' title='bbox 1698 2345 2016 2408; x_wconf 79' lang='lat' dir='ltr'><strong>Palibothri.</strong></span> <span class='ocrx_word' id='word_1_304' title='bbox 2045 2372 2069 2395; x_wconf 71' lang='grc' dir='ltr'><strong>ι</strong></span> <span class='ocrx_word' id='word_1_305' title='bbox 2107 2345 2176 2398; x_wconf 85' lang='grc' dir='ltr'><strong>Ει</strong></span> <span class='ocrx_word' id='word_1_306' title='bbox 2201 2346 2409 2399; x_wconf 75' lang='lat' dir='ltr'><strong>Plinius</strong></span> <span class='ocrx_word' id='word_1_307' title='bbox 2434 2344 2550 2419; x_wconf 78' lang='lat' dir='ltr'><strong>ipse</strong></span> <span class='ocrx_word' id='word_1_308' title='bbox 2571 2365 2686 2400; x_wconf 83' lang='lat' dir='ltr'><strong>mox</strong></span> <span class='ocrx_word' id='word_1_309' title='bbox 2702 2365 2719 2400; x_wconf 69' lang='grc' dir='ltr'><strong>ι</strong></span> 
     </span>
    </p>

    <p class='ocr_par' dir='ltr' id='par_1_13' title="bbox 1698 2423 2713 2558">
     <span class='ocr_line' id='line_1_53' title="bbox 1708 2423 2713 2498; baseline 0 -19"><span class='ocrx_word' id='word_1_310' title='bbox 1708 2423 1920 2479; x_wconf 75' lang='lat' dir='ltr'><strong>-Iudus</strong></span> <span class='ocrx_word' id='word_1_311' title='bbox 1937 2426 2118 2480; x_wconf 82' lang='lat' dir='ltr'><strong>statim</strong></span> <span class='ocrx_word' id='word_1_312' title='bbox 2140 2445 2172 2478; x_wconf 81' lang='lat' dir='ltr'><strong>a</strong></span> <span class='ocrx_word' id='word_1_313' title='bbox 2190 2425 2498 2480; x_wconf 72' lang='lat' dir='ltr'><strong>Prasiorum</strong></span> <span class='ocrx_word' id='word_1_314' title='bbox 2515 2438 2713 2498; x_wconf 72' lang='lat' dir='ltr'><strong>gente.-</strong></span> 
     </span>
     <span class='ocr_line' id='line_1_54' title="bbox 1698 2503 1880 2558; baseline 0 0"><span class='ocrx_word' id='word_1_315' title='bbox 1698 2503 1880 2558; x_wconf 61' lang='lat' dir='ltr'><strong>Ham).</strong></span> 
     </span>
    </p>

    <p class='ocr_par' dir='ltr' id='par_1_14' title="bbox 1699 2571 2721 2797">
     <span class='ocr_line' id='line_1_55' title="bbox 1784 2571 2720 2654; baseline 0 -18"><span class='ocrx_word' id='word_1_316' title='bbox 1784 2571 1879 2639; x_wconf 62' lang='lat'><strong>33.</strong></span> <span class='ocrx_word' id='word_1_317' title='bbox 1915 2584 2044 2654; x_wconf 70' lang='lat' dir='ltr'><strong>Regi</strong></span> <span class='ocrx_word' id='word_1_318' title='bbox 2069 2603 2229 2637; x_wconf 77' lang='lat' dir='ltr'><strong>eorum</strong></span> <span class='ocrx_word' id='word_1_319' title='bbox 2255 2583 2476 2654; x_wconf 72' lang='lat' dir='ltr'><strong>peditum</strong></span> <span class='ocrx_word' id='word_1_320' title='bbox 2511 2597 2720 2638; x_wconf 62' lang='lat' dir='ltr'><strong>senecas:</strong></span> 
     </span>
     <span class='ocr_line' id='line_1_56' title="bbox 1699 2662 2721 2734; baseline 0 -18"><span class='ocrx_word' id='word_1_321' title='bbox 1699 2663 1822 2717; x_wconf 73' lang='lat' dir='ltr'><strong>mill.</strong></span> <span class='ocrx_word' id='word_1_322' title='bbox 1853 2662 2100 2730; x_wconf 86' lang='lat' dir='ltr'><strong>Solinus,</strong></span> <span class='ocrx_word' id='word_1_323' title='bbox 2119 2663 2242 2716; x_wconf 85' lang='lat' dir='ltr'><strong>loco</strong></span> <span class='ocrx_word' id='word_1_324' title='bbox 2261 2663 2427 2720; x_wconf 75' lang='lat' dir='ltr'><strong>citato</strong></span> <span class='ocrx_word' id='word_1_325' title='bbox 2440 2702 2459 2730; x_wconf 89' lang='lat'><strong>,</strong></span> <span class='ocrx_word' id='word_1_326' title='bbox 2475 2669 2721 2734; x_wconf 65' lang='lat' dir='ltr'><strong>sexaginta</strong></span> 
     </span>
     <span class='ocr_line' id='line_1_57' title="bbox 1701 2741 2660 2797; baseline 0 -1"><span class='ocrx_word' id='word_1_327' title='bbox 1701 2743 1876 2797; x_wconf 62' lang='lat' dir='ltr'><strong>milich.</strong></span> <span class='ocrx_word' id='word_1_328' title='bbox 1902 2743 2109 2796; x_wconf 82' lang='lat' dir='ltr'><strong>Tamen</strong></span> <span class='ocrx_word' id='word_1_329' title='bbox 2133 2741 2287 2797; x_wconf 81' lang='lat' dir='ltr'><strong>MSS.</strong></span> <span class='ocrx_word' id='word_1_330' title='bbox 2312 2743 2426 2796; x_wconf 86' lang='lat' dir='ltr'><strong>DC</strong></span> <span class='ocrx_word' id='word_1_331' title='bbox 2445 2743 2571 2796; x_wconf 71' lang='lat' dir='ltr'><strong>mill.</strong></span> <span class='ocrx_word' id='word_1_332' title='bbox 2590 2743 2660 2796; x_wconf 86' lang='grc' dir='ltr'><strong>Η.</strong></span> 
     </span>
    </p>

    <p class='ocr_par' dir='ltr' id='par_1_15' title="bbox 1696 2820 2722 3291">
     <span class='ocr_line' id='line_1_58' title="bbox 1783 2820 2722 2877; baseline 0 -1"><span class='ocrx_word' id='word_1_333' title='bbox 1783 2823 1873 2877; x_wconf 85' lang='grc'><strong>36.</strong></span> <span class='ocrx_word' id='word_1_334' title='bbox 1904 2822 2138 2875; x_wconf 70' lang='lat' dir='ltr'><strong>Monedes</strong></span> <span class='ocrx_word' id='word_1_335' title='bbox 2161 2833 2210 2875; x_wconf 79' lang='lat' dir='ltr'><strong>et</strong></span> <span class='ocrx_word' id='word_1_336' title='bbox 2235 2821 2401 2876; x_wconf 75' lang='lat' dir='ltr'><strong>Suari.</strong></span> <span class='ocrx_word' id='word_1_337' title='bbox 2429 2823 2542 2876; x_wconf 87' lang='lat' dir='ltr'><strong>Ubi</strong></span> <span class='ocrx_word' id='word_1_338' title='bbox 2567 2820 2722 2876; x_wconf 77' lang='lat' dir='ltr'><strong>hodie</strong></span> 
     </span>
     <span class='ocr_line' id='line_1_59' title="bbox 1698 2901 2720 2972; baseline 0.001 -18"><span class='ocrx_word' id='word_1_339' title='bbox 1698 2921 1863 2972; x_wconf 81' lang='lat' dir='ltr'><strong>regna</strong></span> <span class='ocrx_word' id='word_1_340' title='bbox 1887 2901 2101 2968; x_wconf 70' lang='lat' dir='ltr'><strong>Nur-var,</strong></span> <span class='ocrx_word' id='word_1_341' title='bbox 2122 2913 2178 2964; x_wconf 75' lang='lat' dir='ltr'><strong>et</strong></span> <span class='ocrx_word' id='word_1_342' title='bbox 2201 2901 2456 2964; x_wconf 70' lang='lat' dir='ltr'><strong>Gwalior,</strong></span> <span class='ocrx_word' id='word_1_343' title='bbox 2481 2915 2538 2955; x_wconf 80' lang='lat' dir='ltr'><strong>et</strong></span> <span class='ocrx_word' id='word_1_344' title='bbox 2557 2901 2720 2971; x_wconf 68' lang='lat' dir='ltr'><strong>Agre,</strong></span> 
     </span>
     <span class='ocr_line' id='line_1_60' title="bbox 1697 2978 2720 3053; baseline 0 -19"><span class='ocrx_word' id='word_1_345' title='bbox 1697 2979 1841 3034; x_wconf 88' lang='lat' dir='ltr'><strong>inter</strong></span> <span class='ocrx_word' id='word_1_346' title='bbox 1893 2979 2098 3035; x_wconf 83' lang='lat' dir='ltr'><strong>Indum</strong></span> <span class='ocrx_word' id='word_1_347' title='bbox 2144 2993 2197 3043; x_wconf 85' lang='lat' dir='ltr'><strong>et</strong></span> <span class='ocrx_word' id='word_1_348' title='bbox 2251 2979 2516 3053; x_wconf 73' lang='lat' dir='ltr'><strong>Gangem.</strong></span> <span class='ocrx_word' id='word_1_349' title='bbox 2579 2978 2720 3034; x_wconf 83' lang='lat' dir='ltr'><strong>Suari</strong></span> 
     </span>
     <span class='ocr_line' id='line_1_61' title="bbox 1699 3057 2720 3131; baseline 0 -19"><span class='ocrx_word' id='word_1_350' title='bbox 1699 3057 1989 3114; x_wconf 72' lang='lat' dir='ltr'><strong>Ptolemaeo</strong></span> <span class='ocrx_word' id='word_1_351' title='bbox 2005 3099 2022 3126; x_wconf 92' lang='lat'><strong>,</strong></span> <span class='ocrx_word' id='word_1_352' title='bbox 2045 3061 2143 3130; x_wconf 78' lang='lat' dir='ltr'><strong>lib.¹</strong></span> <span class='ocrx_word' id='word_1_353' title='bbox 2169 3059 2312 3126; x_wconf 82' lang='lat' dir='ltr'><strong>vn,</strong></span> <span class='ocrx_word' id='word_1_354' title='bbox 2337 3079 2385 3115; x_wconf 83' lang='lat' dir='ltr'><strong>c.</strong></span> <span class='ocrx_word' id='word_1_355' title='bbox 2423 3077 2477 3127; x_wconf 76' lang='grc' dir='ltr'><strong>ι,</strong></span> <span class='ocrx_word' id='word_1_356' title='bbox 2503 3057 2720 3131; x_wconf 54' lang='lat' dir='ltr'><strong>Eaedem</strong></span> 
     </span>
     <span class='ocr_line' id='line_1_62' title="bbox 1696 3139 2720 3212; baseline 0 -20"><span class='ocrx_word' id='word_1_357' title='bbox 1696 3139 2037 3212; x_wconf 82' lang='lat' dir='ltr'><strong>appellantur</strong></span> <span class='ocrx_word' id='word_1_358' title='bbox 2069 3159 2084 3193; x_wconf 88' lang='lat'><strong>:</strong></span> <span class='ocrx_word' id='word_1_359' title='bbox 2123 3139 2422 3210; x_wconf 73' lang='grc' dir='ltr'><strong>Σουρασηνοῖ</strong></span> <span class='ocrx_word' id='word_1_360' title='bbox 2467 3141 2720 3202; x_wconf 75' lang='lat' dir='ltr'><strong>Animo,</strong></span> 
     </span>
     <span class='ocr_line' id='line_1_63' title="bbox 1697 3217 2548 3291; baseline 0 -19"><span class='ocrx_word' id='word_1_361' title='bbox 1697 3217 1757 3272; x_wconf 87' lang='lat' dir='ltr'><strong>in</strong></span> <span class='ocrx_word' id='word_1_362' title='bbox 1782 3217 2009 3282; x_wconf 69' lang='lat' dir='ltr'><strong>Indicis,</strong></span> <span class='ocrx_word' id='word_1_363' title='bbox 2040 3237 2163 3291; x_wconf 79' lang='lat' dir='ltr'><strong>pag.</strong></span> <span class='ocrx_word' id='word_1_364' title='bbox 2195 3219 2329 3274; x_wconf 74' lang='lat'><strong>523.</strong></span> <span class='ocrx_word' id='word_1_365' title='bbox 2357 3219 2548 3273; x_wconf 65' lang='lat' dir='ltr'><strong>Haut).</strong></span> 
     </span>
    </p>

    <p class='ocr_par' dir='ltr' id='par_1_16' title="bbox 1684 3295 2726 4166">
     <span class='ocr_line' id='line_1_64' title="bbox 1781 3295 2720 3370; baseline -0.002 -20"><span class='ocrx_word' id='word_1_366' title='bbox 1781 3297 1876 3370; x_wconf 84' lang='lat'><strong>37.</strong></span> <span class='ocrx_word' id='word_1_367' title='bbox 1923 3298 2072 3352; x_wconf 79' lang='lat' dir='ltr'><strong>Mons</strong></span> <span class='ocrx_word' id='word_1_368' title='bbox 2115 3299 2324 3352; x_wconf 82' lang='lat' dir='ltr'><strong>Maleus.</strong></span> <span class='ocrx_word' id='word_1_369' title='bbox 2377 3299 2510 3352; x_wconf 66' lang='lat' dir='ltr'><strong>Hac</strong></span> <span class='ocrx_word' id='word_1_370' title='bbox 2554 3295 2720 3350; x_wconf 72' lang='lat' dir='ltr'><strong>verbis</strong></span> 
     </span>
     <span class='ocr_line' id='line_1_65' title="bbox 1695 3373 2720 3448; baseline 0 -20"><span class='ocrx_word' id='word_1_371' title='bbox 1695 3374 1886 3444; x_wconf 67' lang='lat' dir='ltr'><strong>iisdem</strong></span> <span class='ocrx_word' id='word_1_372' title='bbox 1912 3377 2208 3444; x_wconf 76' lang='lat' dir='ltr'><strong>Martianus</strong></span> <span class='ocrx_word' id='word_1_373' title='bbox 2224 3418 2240 3443; x_wconf 91' lang='lat'><strong>,</strong></span> <span class='ocrx_word' id='word_1_374' title='bbox 2259 3379 2358 3432; x_wconf 90' lang='lat' dir='ltr'><strong>lib.</strong></span> <span class='ocrx_word' id='word_1_375' title='bbox 2381 3377 2499 3443; x_wconf 83' lang='lat' dir='ltr'><strong>vl,</strong></span> <span class='ocrx_word' id='word_1_376' title='bbox 2523 3395 2635 3448; x_wconf 82' lang='lat' dir='ltr'><strong>cap.</strong></span> <span class='ocrx_word' id='word_1_377' title='bbox 2657 3373 2720 3428; x_wconf 85' lang='lat' dir='ltr'><strong>de</strong></span> 
     </span>
     <span class='ocr_line' id='line_1_66' title="bbox 1696 3456 2718 3530; baseline -0.003 -20"><span class='ocrx_word' id='word_1_378' title='bbox 1696 3456 1883 3524; x_wconf 86' lang='lat' dir='ltr'><strong>India,</strong></span> <span class='ocrx_word' id='word_1_379' title='bbox 1911 3477 2034 3530; x_wconf 79' lang='lat' dir='ltr'><strong>pag.</strong></span> <span class='ocrx_word' id='word_1_380' title='bbox 2067 3464 2214 3522; x_wconf 67' lang='lat'><strong>224,</strong></span> <span class='ocrx_word' id='word_1_381' title='bbox 2245 3470 2301 3510; x_wconf 81' lang='lat' dir='ltr'><strong>et</strong></span> <span class='ocrx_word' id='word_1_382' title='bbox 2329 3457 2576 3523; x_wconf 80' lang='lat' dir='ltr'><strong>Solinus,</strong></span> <span class='ocrx_word' id='word_1_383' title='bbox 2607 3473 2718 3526; x_wconf 70' lang='lat' dir='ltr'><strong>etp.</strong></span> 
     </span>
     <span class='ocr_line' id='line_1_67' title="bbox 1694 3534 2720 3609; baseline -0.003 -19"><span class='ocrx_word' id='word_1_384' title='bbox 1694 3553 1813 3602; x_wconf 80' lang='lat' dir='ltr'><strong>m,</strong></span> <span class='ocrx_word' id='word_1_385' title='bbox 1839 3556 1962 3609; x_wconf 80' lang='lat' dir='ltr'><strong>pag·</strong></span> <span class='ocrx_word' id='word_1_386' title='bbox 1993 3556 2084 3608; x_wconf 83' lang='lat'><strong>79.</strong></span> <span class='ocrx_word' id='word_1_387' title='bbox 2113 3537 2242 3590; x_wconf 82' lang='lat' dir='ltr'><strong>Esse</strong></span> <span class='ocrx_word' id='word_1_388' title='bbox 2269 3534 2328 3590; x_wconf 88' lang='lat' dir='ltr'><strong>id</strong></span> <span class='ocrx_word' id='word_1_389' title='bbox 2357 3547 2539 3590; x_wconf 85' lang='lat' dir='ltr'><strong>tamen</strong></span> <span class='ocrx_word' id='word_1_390' title='bbox 2569 3554 2600 3590; x_wconf 86' lang='lat' dir='ltr'><strong>a</strong></span> <span class='ocrx_word' id='word_1_391' title='bbox 2635 3553 2720 3586; x_wconf 78' lang='lat' dir='ltr'><strong>ve·</strong></span> 
     </span>
     <span class='ocr_line' id='line_1_68' title="bbox 1691 3613 2722 3688; baseline -0.001 -22"><span class='ocrx_word' id='word_1_392' title='bbox 1691 3615 1848 3670; x_wconf 84' lang='lat' dir='ltr'><strong>ritate</strong></span> <span class='ocrx_word' id='word_1_393' title='bbox 1882 3616 2115 3670; x_wconf 81' lang='lat' dir='ltr'><strong>alienum</strong></span> <span class='ocrx_word' id='word_1_394' title='bbox 2154 3614 2330 3681; x_wconf 74' lang='lat' dir='ltr'><strong>sciunt</strong></span> <span class='ocrx_word' id='word_1_395' title='bbox 2365 3616 2408 3668; x_wconf 90' lang='lat' dir='ltr'><strong>ii</strong></span> <span class='ocrx_word' id='word_1_396' title='bbox 2452 3615 2549 3688; x_wconf 81' lang='lat' dir='ltr'><strong>qui</strong></span> <span class='ocrx_word' id='word_1_397' title='bbox 2579 3613 2664 3668; x_wconf 74' lang='lat' dir='ltr'><strong>vel</strong></span> <span class='ocrx_word' id='word_1_398' title='bbox 2692 3630 2722 3664; x_wconf 86' lang='lat' dir='ltr'><strong>a</strong></span> 
     </span>
     <span class='ocr_line' id='line_1_69' title="bbox 1690 3693 2721 3752; baseline -0.004 -4"><span class='ocrx_word' id='word_1_399' title='bbox 1690 3693 1880 3748; x_wconf 87' lang='lat' dir='ltr'><strong>limine</strong></span> <span class='ocrx_word' id='word_1_400' title='bbox 1911 3693 2191 3749; x_wconf 82' lang='lat' dir='ltr'><strong>sideralem</strong></span> <span class='ocrx_word' id='word_1_401' title='bbox 2223 3695 2501 3752; x_wconf 82' lang='lat' dir='ltr'><strong>scientiam</strong></span> <span class='ocrx_word' id='word_1_402' title='bbox 2535 3693 2721 3748; x_wconf 69' lang='lat' dir='ltr'><strong>salun-</strong></span> 
     </span>
     <span class='ocr_line' id='line_1_70' title="bbox 1693 3773 2722 3847; baseline -0.002 -21"><span class='ocrx_word' id='word_1_403' title='bbox 1693 3787 1856 3839; x_wconf 83' lang='lat' dir='ltr'><strong>runt,</strong></span> <span class='ocrx_word' id='word_1_404' title='bbox 1909 3786 2282 3847; x_wconf 81' lang='lat' dir='ltr'><strong>terrarumque</strong></span> <span class='ocrx_word' id='word_1_405' title='bbox 2329 3775 2466 3828; x_wconf 84' lang='lat' dir='ltr'><strong>situs</strong></span> <span class='ocrx_word' id='word_1_406' title='bbox 2513 3773 2722 3828; x_wconf 77' lang='lat' dir='ltr'><strong>callent.</strong></span> 
     </span>
     <span class='ocr_line' id='line_1_71' title="bbox 1691 3851 2726 3928; baseline -0.002 -21"><span class='ocrx_word' id='word_1_407' title='bbox 1691 3851 1872 3920; x_wconf 86' lang='lat' dir='ltr'><strong>Quum</strong></span> <span class='ocrx_word' id='word_1_408' title='bbox 1903 3855 2048 3908; x_wconf 85' lang='lat' dir='ltr'><strong>enim</strong></span> <span class='ocrx_word' id='word_1_409' title='bbox 2079 3853 2190 3926; x_wconf 83' lang='lat' dir='ltr'><strong>ipsa</strong></span> <span class='ocrx_word' id='word_1_410' title='bbox 2219 3853 2420 3928; x_wconf 73' lang='lat' dir='ltr'><strong>Gangis</strong></span> <span class='ocrx_word' id='word_1_411' title='bbox 2445 3854 2582 3908; x_wconf 73' lang='lat' dir='ltr'><strong>ostia</strong></span> <span class='ocrx_word' id='word_1_412' title='bbox 2611 3865 2726 3905; x_wconf 79' lang='lat' dir='ltr'><strong>tro·</strong></span> 
     </span>
     <span class='ocr_line' id='line_1_72' title="bbox 1687 3933 2720 4005; baseline 0.001 -19"><span class='ocrx_word' id='word_1_413' title='bbox 1687 3935 1814 4005; x_wconf 79' lang='lat' dir='ltr'><strong>pico</strong></span> <span class='ocrx_word' id='word_1_414' title='bbox 1844 3934 2040 3989; x_wconf 83' lang='lat' dir='ltr'><strong>Cancri</strong></span> <span class='ocrx_word' id='word_1_415' title='bbox 2079 3933 2422 4004; x_wconf 79' lang='lat' dir='ltr'><strong>subjaceant,</strong></span> <span class='ocrx_word' id='word_1_416' title='bbox 2463 3933 2572 3988; x_wconf 85' lang='lat' dir='ltr'><strong>boc</strong></span> <span class='ocrx_word' id='word_1_417' title='bbox 2609 3943 2720 3998; x_wconf 77' lang='lat' dir='ltr'><strong>est,</strong></span> 
     </span>
     <span class='ocr_line' id='line_1_73' title="bbox 1687 4011 2720 4086; baseline -0.004 -19"><span class='ocrx_word' id='word_1_418' title='bbox 1687 4013 1757 4067; x_wconf 83' lang='lat' dir='ltr'><strong>ab</strong></span> <span class='ocrx_word' id='word_1_419' title='bbox 1781 4013 2138 4084; x_wconf 72' lang='lat' dir='ltr'><strong>aequinoctiali</strong></span> <span class='ocrx_word' id='word_1_420' title='bbox 2166 4013 2310 4068; x_wconf 80' lang='lat' dir='ltr'><strong>linea</strong></span> <span class='ocrx_word' id='word_1_421' title='bbox 2336 4014 2581 4086; x_wconf 82' lang='lat' dir='ltr'><strong>partibus</strong></span> <span class='ocrx_word' id='word_1_422' title='bbox 2609 4011 2720 4064; x_wconf 77' lang='lat' dir='ltr'><strong>sive</strong></span> 
     </span>
     <span class='ocr_line' id='line_1_74' title="bbox 1684 4091 2714 4166; baseline -0.002 -18"><span class='ocrx_word' id='word_1_423' title='bbox 1684 4091 1938 4166; x_wconf 75' lang='lat' dir='ltr'><strong>gradibus</strong></span> <span class='ocrx_word' id='word_1_424' title='bbox 1958 4093 2191 4166; x_wconf 78' lang='lat' dir='ltr'><strong>amplius</strong></span> <span class='ocrx_word' id='word_1_425' title='bbox 2213 4093 2382 4148; x_wconf 68' lang='lat' dir='ltr'><strong>uibus</strong></span> <span class='ocrx_word' id='word_1_426' title='bbox 2403 4106 2459 4148; x_wconf 89' lang='lat' dir='ltr'><strong>et</strong></span> <span class='ocrx_word' id='word_1_427' title='bbox 2481 4091 2714 4154; x_wconf 73' lang='lat' dir='ltr'><strong>vicenis.</strong></span> 
     </span>
    </p>
   </div>
  </div>
 </body>
</html>
