2950 5017
584 451 681 536 84

1114 453 1191 518 C.
1241 452 1569 519 PLINII
1625 453 1830 519 NAT.
1896 450 2144 519 HIST.

580 580 757 653 mille
776 579 824 603 ’⁰
882 584 1199 675 passuum
1256 584 1734 678 quinquaginta
1787 581 2216 676 longitudine.
2279 585 2443 651 Tam
2501 598 2740 653 tenues

572 688 940 784 primordio
992 690 1250 781 imperii
1306 689 1494 757 fuere
1539 689 1811 758 radices,
1871 688 2146 757 Colonis
2202 712 2374 783 saepe
2431 692 2740 775 mutatiS,

574 812 847 865 tenuere
897 794 1003 863 alii
1052 793 1193 863 aliis
1243 795 1692 889 temporibus,
1743 788 2223 889 Aborigines²¹,
2274 794 2567 889 Pelasgi,
2616 806 2742 864 Ar-

572 902 798 989 cades,
838 900 1073 981 Siculi,
1100 904 1425 987 Aurunci,
1467 899 1716 971 Rutuli.
1757 906 1845 971 Et
1881 900 2054 970 ultra
2091 900 2434 971 Circeios²²
2463 901 2742 983 Volsci,

575 1010 771 1091 Osci,
828 1012 1153 1089 Ausones,
1206 1007 1382 1076 unde
1434 994 1750 1077 nomen²³
1797 1009 1972 1077 Latii
2017 1010 2339 1101 processit
2391 1008 2473 1077 ad
2523 1010 2740 1076 Lirim

574 1139 857 1183 amnem.
898 1117 979 1181 In
1024 1115 1349 1207 principio
1386 1129 1486 1183 est
1523 1116 1746 1197 Ostia,
1789 1113 2050 1183 colonia
2091 1136 2131 1181 a
2180 1112 2494 1183 romano'

2499 1099 2526 1143 ⁴
2575 1140 2740 1209 rege

572 1221 876 1290 deducta.
920 1220 1261 1314 Oppidum
1310 1224 1720 1289 Laurentum
1739 1206 1809 1301 ²⁵,
1852 1220 2040 1289 lucus
2081 1221 2266 1289 Jovis
2283 1205 2330 1243 ²⁶
2365 1220 2694 1315 Indigetis
2720 1277 2740 1305 ,

576 1330 786 1396 amnis
830 1326 1217 1413 NumiciuS,
1266 1327 1485 1396 Ardea
1531 1352 1570 1394 a
1612 1329 1846 1395 Danae
1897 1328 2116 1395 Persei
2173 1341 2386 1396 matre.
2441 1327 2736 1397 condita.

577 1412 756 1501 ¹Dein
788 1432 1122 1526 quondam
1152 1433 1625 1527 Aphrodisium
1641 1432 1714 1521 ²⁷,
1743 1435 2015 1502 Antium
2043 1431 2302 1502 colonia
2315 1420 2388 1518 ¹⁸,
2423 1435 2672 1507 Astura
2685 1433 2739 1473 ²⁹

658 1658 741 1699 20.
793 1638 937 1697 Mille
980 1663 1211 1716 passuum
1253 1648 1606 1719 quinquaginta

576 1725 891 1795 longitudine.
916 1725 1107 1778 Scribo
1146 1726 1209 1778 L.
1229 1726 1309 1777 M.
1330 1746 1465 1796 pass.
1497 1726 1604 1777 lon-

573 1804 812 1873 gitudine.
844 1804 984 1858 Male
1016 1803 1133 1857 MS.
1163 1806 1291 1876 Reg.
1331 1825 1392 1867 2,
1428 1804 1503 1857 M.
1533 1806 1605 1867 P.

579 1885 640 1934 L.
686 1886 989 1954 longitudine
1028 1904 1047 1937 .·
1084 1882 1229 1937 unde
1270 1887 1325 1937 in
1366 1882 1607 1937 editione

576 1964 826 2034 principe
861 1965 990 2016 mille
1019 1984 1075 2033 p.
1114 1976 1168 2015 et
1200 1965 1255 2016 in
1290 1965 1608 2017 recentiori-

566 2045 700 2103 bus,
729 2044 859 2095 mille
874 2062 1103 2114 passuum
1127 2046 1477 2115 quinquaginta
1506 2045 1609 2095 lon-

576 2123 811 2192 gitudine.
852 2120 1263 2177 Emendandum
1306 2121 1409 2176 fuit
1436 2124 1497 2175 L.
1527 2124 1605 2175 M.

576 2220 821 2272 passuum.
858 2204 1033 2255 Immo
1072 2202 1287 2253 mallem
1304 2242 1320 2268 ,
1348 2206 1608 2272 sexaginta

582 2283 733 2333 millia
747 2300 978 2352 passuum
1002 2280 1316 2349 longitudine.
1336 2283 1442 2334 Tot
1462 2284 1608 2334 enim

581 2373 704 2413 sunt
732 2362 974 2413 locorum
1019 2360 1220 2424 minia3
1252 2361 1295 2412 si
1338 2362 1454 2414 loca
1495 2362 1608 2433 ipse

581 2440 857 2510 inspicias,
898 2439 1239 2511 tabulamque
1289 2442 1608 2513 geographi·

584 2536 699 2572 cam
733 2519 816 2572 cl.
836 2520 1135 2581 Boscovxcn
1159 2521 1604 2574 accuratissimam

581 2597 875 2653 dimetiaris
928 2600 1071 2651 inter
1120 2599 1332 2651 Tiberis
1376 2600 1508 2653 ostia
1556 2614 1610 2654 et

584 2677 847 2743 Circeios,
878 2696 1023 2731 nunc
1054 2676 1109 2729 S.
1142 2678 1338 2740 Felice,
1363 2678 1433 2732 ad
1458 2678 1606 2732 radi·

582 2776 668 2811 ces
702 2758 897 2813 Circeii
928 2759 1127 2810 montis
1142 2796 1156 2823 ,
1190 2771 1345 2809 monte
1376 2760 1425 2813 C
1423 2762 1604 2813 ime-llo.

583 2838 753 2891 Bnor.

667 2934 759 2970 21.
788 2918 1084 2986 Aborigines
1099 2956 1115 2981 ,
1146 2930 1247 2971 etc.
1270 2918 1343 2971 Et
1366 2920 1482 2971 hac
1509 2918 1606 2970 So—

581 2996 741 3062 linus,
763 3015 883 3067 cap.
900 3014 967 3061 11,
986 3015 1105 3067 pag.
1140 3016 1163 3049 1
1178 3016 1227 3049 α.
1251 2999 1331 3050 De
1354 3016 1415 3051 ea
1439 3016 1604 3069 porro

581 3094 742 3140 voce,
772 3076 892 3129 Sex.
920 3077 1100 3130 Aurel.
1132 3077 1337 3129 Victor.
1364 3078 1421 3129 in
1450 3076 1604 3149 Orig.

581 3155 769 3208 Gentis
788 3157 1081 3227 Rom.pag.
1106 3160 1178 3209 26
1201 3175 1215 3209 ι
1244 3156 1603 3227 «Aborigines

580 3236 829 3306 appellati
841 3273 858 3298 ,
880 3235 1082 3307 inquit,
1094 3236 1280 3289 Groca
1299 3233 1496 3289 scilicet
1513 3256 1606 3308 ap·

576 3315 881 3385 peliatione,
894 3333 925 3368 a
940 3316 1306 3369 cacuminibus
1318 3316 1602 3383 montium,

578 3413 697 3466 qum
724 3394 807 3447 iui
822 3396 904 3465 ὅρῆ
927 3407 1154 3449 vocant:
1172 3396 1258 3447 alii
1283 3395 1473 3448 volunt
1491 3414 1600 3459 eos,

578 3472 727 3545 quod
746 3486 985 3527 errantes
1002 3475 1096 3527 ino
1122 3474 1395 3538 venerint,
1423 3476 1602 3544 primo

580 3553 919 3625 Aberrigines
952 3572 967 3606 :
998 3566 1123 3626 post
1154 3566 1357 3607 mutata
1388 3554 1598 3616 littera,

578 3633 738 3685 altera
761 3631 1010 3704 adempta
1026 3672 1042 3697 ,
1064 3633 1381 3703 Aborigines
1400 3652 1600 3705 cogno·-

576 3713 863 3765 minatos.-
921 3713 1115 3765 Hausit
1150 3712 1257 3766 hoc
1300 3732 1331 3765 a
1373 3713 1598 3784 Dionys.

576 3790 749 3843 Halic.
774 3792 871 3844 lib.
899 3793 955 3855 1,
985 3792 1173 3864 Antiq.
1200 3795 1357 3845 Rom.
1386 3811 1506 3864 pag.
1542 3814 1596 3863 9.

574 3868 755 3923 Rutu.

660 3968 751 4003 ηπ.
774 3949 1001 4004 Circeios.
1023 3949 1209 4004 Chiffl.
1234 3951 1471 4004 Cerceios.
1487 3952 1597 4006 En.

658 4036 747 4081 23.
788 4028 977 4083 Nomen
1007 4030 1159 4083 Latii.
1190 4030 1277 4083 Sic
1314 4032 1373 4085 in
1408 4031 1596 4085 chiffl.

570 4109 791 4179 Legitur
825 4128 909 4180 ap.
956 4109 1135 4163 Delec.
1182 4122 1233 4163 et
1272 4110 1386 4163 Elz.
1424 4130 1595 4163 nomen

1695 1646 1836 1699 modo
1847 1646 2000 1697 Latii.
2022 1644 2128 1697 Pro
2144 1664 2276 1699 voce
2300 1644 2443 1697 modo
2463 1662 2744 1717 propone-

1693 1726 1784 1779 bat
1809 1724 2088 1796 Menagius
2115 1725 2318 1779 demam.
2350 1726 2458 1778 En.

1780 1812 1870 1869 24.
1901 1807 1954 1857 A
1979 1806 2199 1857 Romano
2221 1806 2369 1875 Rege.
2395 1806 2550 1857 Anco
2577 1806 2733 1858 Mar·

1696 1886 1813 1948 cic,
1845 1898 1903 1936 ut
1937 1884 2124 1936 Livius
2155 1883 2342 1947 docet,
2369 1884 2468 1937 lib.
2513 1886 2574 1949 Ι,
2611 1904 2736 1957 cap.

1699 1965 1792 2018 33.
1823 1964 2008 2016 Festus
2033 1965 2190 2025 item,
2221 1965 2388 2016 verbo
2421 1964 2589 2017 Ostia.
2623 1964 2694 2017 Η.

1781 2045 1872 2096 25.
1897 2046 2208 2095 Laurentum.
2231 2045 2477 2113 Λωρεντὸν
2506 2044 2738 2116 Dionys.

1695 2122 1862 2175 Halic.
1885 2120 1978 2175 lib.
2014 2125 2068 2185 I,
2096 2141 2217 2193 pag.
2255 2125 2347 2177 51.
2381 2123 2438 2175 S.
2473 2124 2733 2184 Lot-erizo,

1694 2202 1872 2254 medio
1937 2204 2077 2255 inter
2135 2202 2340 2255 Ostiam
2395 2204 2734 2275 Antiumque

1693 2282 1988 2334 intervallo,
2037 2282 2275 2335 Holsten.
2302 2284 2428 2334 Haec
2457 2284 2736 2335 Laeemritia

1694 2362 1930 2414 Maronis
1958 2381 2090 2415 arva.
2121 2361 2299 2413 Huni).

1781 2462 1808 2493 π
1817 2444 1871 2494 6.
1888 2442 2045 2493 Lacus
2058 2441 2208 2494 Joois.
2219 2440 2328 2493 Ubi
2342 2440 2596 2493 sacellum
2613 2442 2737 2507 fuit,

1694 2522 1845 2591 cujus
1874 2520 2154 2592 inscriptio
2173 2560 2187 2585 ,
2223 2546 2246 2569 ι
2265 2521 2412 2572 Patri
2439 2522 2558 2573 Deo
2580 2520 2738 2573 Indi-

1693 2600 1798 2672 geti
1811 2638 1828 2665 ,
1847 2602 1940 2671 qui
1957 2600 2193 2653 Numicii
2215 2600 2382 2653 amnis
2396 2600 2574 2654 undas
2597 2613 2739 2653 tem·

1693 2694 1876 2752 perat:
1902 2682 2098 2751 Πσιτρὸς
2117 2685 2243 2735 Θεοῦ
2267 2680 2457 2748 χθονίου
2485 2682 2538 2741 ὃς
2561 2700 2732 2734 ποτα-

1692 2766 1784 2830 μοῦ
1797 2760 2030 2830 Νομικίου
2058 2762 2216 2831 ῥιῦμα
2243 2755 2425 2812 διέπει.
2452 2785 2475 2805 ι
2518 2766 2733 2814 Auctor

1693 2840 1916 2909 Dionys.
1939 2838 2110 2892 Hanc.
2134 2840 2228 2891 lib.
2259 2842 2315 2905 1,
2339 2858 2459 2911 pag.
2494 2838 2592 2891 52.
2621 2842 2732 2892 Ar-

1692 2917 1848 2971 deam
1887 2920 1930 2971 is
1969 2920 2137 2971 amnis
2173 2919 2354 2983 alluit,
2397 2917 2550 2990 quod
2579 2938 2735 2973 nunc

1692 3000 1938 3053 Castrum
1997 2998 2274 3051 Caesarinae
2330 2999 2506 3069 gentis
2527 3038 2542 3064 ‚
2597 3016 2732 3052 cum

1689 3090 1864 3131 vetere
1913 3078 2272 3147 appellatione
2313 3079 2505 3131 Ardea.
2537 3080 2734 3150 Virgi-

1687 3158 1817 3219 lius,
1844 3156 2054 3209 AEneid.
2079 3158 2290 3211 tib.vl1
2306 3198 2319 3219 ,
2347 3176 2424 3210 vs.
2457 3164 2488 3220 4
2507 3178 2590 3220 ιο,
2614 3160 2733 3212 Pli-

1688 3238 1782 3290 nio
1833 3237 2069 3308 praeivit‚
2117 3251 2170 3290 et
2216 3238 2402 3291 Solino
2423 3278 2438 3304 ,
2481 3256 2601 3309 cap.
2645 3256 2695 3292 ιι
2713 3280 2732 3305 ,

1687 3334 1804 3389 pag.
1843 3334 1932 3369 ια.
1961 3316 2144 3370 lium.

1773 3412 1866 3466 ²7·
1907 3398 2270 3467 Aphrodisium.
2313 3396 2432 3449 Hoc
2476 3410 2580 3460 est,
2616 3399 2732 3450 Ve-

1685 3476 1829 3528 neris
1845 3476 2108 3547 templum
2137 3476 2269 3529 olim
2287 3516 2302 3542 ,
2323 3495 2470 3529 nunc
2493 3477 2728 3547 vestigia

1687 3566 1910 3608 tantum.
1955 3556 2136 3607 Ham).

1773 3638 1863 3690 28.
1885 3636 2108 3688 Antium.
2137 3635 2296 3689 Nunc
2317 3635 2574 3707 quoniam
2607 3636 2724 3690 sola

1684 3728 1969 3784 supersunt
2015 3713 2238 3779 rudera,
2283 3716 2453 3768 Anzio
2483 3720 2731 3768 ‘rovi'taaeo

1686 3794 1806 3846 Itali
1829 3794 2022 3849 accola
2049 3808 2262 3847 vocant.
2287 3794 2469 3847 ΗΑΒ».

1773 3892 1842 3943 ²9
1853 3914 1864 3927 .
1877 3878 2087 3927 Astm.
2107 3876 2178 3927 Et
2193 3875 2380 3927 insuia
2395 3891 2598 3927 nomen
2617 3874 2725 3928 ho-

1685 3951 1803 4013 die,
1835 3966 1889 4006 et
1911 3955 2056 4007 amni
2085 3967 2280 4007 manet.
2305 3954 2526 4007 Festus:
2558 3954 2724 4007 «Stu-

1683 4050 1742 4085 ra
1783 4032 1984 4087 flumen
2031 4034 2089 4085 in
2133 4052 2260 4105 agro
2301 4035 2559 4088 Lauremi
2605 4046 2720 4097 est,

1685 4111 1833 4184 quod
1857 4112 2078 4184 quidam
2096 4115 2344 4167 Asturam
2366 4128 2578 4168 vocant.
2597 4139 2620 4160 ι
2645 4113 2720 4169 Η.
