2950 5017
1013 501 1333 569 LIBER
1385 499 1519 566 IV.

2189 500 2339 572 323

241 653 414 698 suum.
469 629 670 700 Athos
719 631 1142 726 sexaginta⁷⁹
1185 631 1321 701 duo
1371 627 1533 699 mill.
1579 617 2093 700 Tantumdem⁸⁰
2132 633 2342 704 insula

239 735 661 822 Samothrace,
675 763 830 831 quae
869 736 1126 824 libera,
1168 751 1322 807 ante
1371 736 1674 805 Hebrum
1689 721 1735 760 ⁸¹
1764 788 1785 823 ,
1826 735 1910 805 ab
1953 736 2181 809 Imbro
2229 743 2343 810 tri-

238 827 416 933 ginta⁸
421 841 600 912 ²duo
635 841 800 912 mill.
841 869 886 912 a
925 847 1188 914 Lemno
1229 844 1462 940 viginti
1495 842 1631 911 duo
1668 865 1750 912 Μ.
1798 866 1866 910 1).
1909 867 1947 911 a
1982 833 2342 916 Thraciae⁸³

235 971 328 1018 ora
357 950 606 1044 triginta
639 965 801 1019 octo
825 950 1005 1020 mill.
1037 951 1318 1020 circuitu
1350 950 1623 1045 triginta
1658 948 1792 1018 duo
1828 949 1983 1018 mill.
2020 951 2345 1023 attollitur

234 1069 418 1124 monte
453 1043 722 1126 δειοοε84
767 1057 1016 1127 decem
1056 1057 1217 1126 mill.
1265 1081 1583 1152 passuum
1634 1053 2035 1145 altitudinis,
2078 1058 2241 1128 vel
2221 1085 2345 1129 lm-

233 1163 677 1252 {tortuosissima
711 1165 1054 1233 omnium.
1099 1162 1549 1235 Callimachus
1584 1185 1729 1230 eam
1772 1163 2043 1258 antiquo
2077 1168 2345 1237 nomine

231 1255 652 1338 Dardaniamffi
673 1256 1188 1340 voeat⁸⁶.1nter
1207 1269 1709 1340 Cherronesum
1738 1282 1807 1336 et
1830 1269 2345 1362 Samothracen,

294 1441 373 1492 79.
414 1424 677 1496 Sexaginta
726 1427 834 1478 duo
891 1427 1063 1479 millia.
1102 1427 1230 1498 Leg.

234 1507 446 1572 ωςᾶιεα
463 1506 556 1558 dau
581 1507 704 1558 mill.
734 1523 796 1559 ι).
820 1507 908 1558 Ita
928 1506 1231 1576 MSS.Reg.

239 1585 288 1645 ἰ,
301 1595 348 1634 et
365 1581 518 1638 editio
533 1586 808 1658 princeps.
838 1587 1232 1640 Bizone-For·

231 1672 334 1714 tane
348 1681 436 1732 pro
449 1683 560 1718 un
574 1663 1079 1720 scribendumesset
1091 1685 1232 1732 un,

230 1758 314 1812 qno
323 1759 486 1798 revera
499 1745 784 1798 intervallo
813 1742 1010 1798 distant
1023 1747 1162 1799 inter
1174 1763 1232 1799 se

229 1819 366 1874 Athos
389 1833 439 1876 et
453 1823 705 1883 nasson,
735 1837 800 1877 et
810 1823 1040 1878 Thassos
1051 1838 1104 1878 et
1135 1825 1230 1880 Sa-

236 1901 479 1956 mothrace.
499 1905 604 1958 En.

297 1983 376 2035 80.
393 1983 860 2038 Tanwmdemvet.
880 1982 1024 2056 apud
1041 1982 1224 2038 Dalec.

233 2063 474 2114 utranam
499 2063 568 2116 ad
613 2064 832 2117 insulam
859 2062 1224 2118 Samothracen.

235 2137 413 2195 Scilicet
447 2143 586 2197 illam
633 2163 757 2210 ut,
801 2155 890 2196 aut
928 2145 1138 2214 potius,
1167 2157 1228 2197 ut

229 2215 454 2286 diximus,
479 2243 592 2278 uu
621 2223 770 2277 min.
813 2241 947 2294 pass.
972 2241 1004 2276 a
1026 2223 1227 2276 Thasso

231 2297 375 2352 these
401 2301 482 2356 ait.
523 2303 691 2358 Nune
732 2302 1047 2356 Samothraka'
1069 2321 1226 2357 voca·

231 2383 582 2453 ἱππ-,Σαμοθράκῃ
596 2402 774 2456 porro
786 2383 1014 2435 insulam
1024 2401 1225 2436 sacram

234 2473 370 2526 grace
387 2480 560 2517 sonare
584 2462 786 2517 scribit
819 2459 1090 2515 Diodorus
1119 2463 1222 2515 Sic.

237 2533 348 2592 Bibl.
368 2539 456 2593 lib.
481 2543 594 2610 111,
615 2561 747 2616 pag.
783 2542 891 2610 189
909 2581 928 2608 ,
951 2553 1005 2594 et
1029 2541 1122 2594 lib.
1152 2543 1227 2607 V,

235 2633 331 2688 pag.
359 2621 478 2674 322.
499 2620 691 2674 Banu.
724 2630 776 2673 et
801 2619 908 2673 En.

299 2699 378 2752 81.
407 2701 532 2754 Ante
555 2701 799 2756 Hebnmn
841 2699 1084 2754 Thracia
1115 2717 1224 2753 am·

237 2791 361 2844 nem,
384 2775 445 2832 de
469 2801 574 2852 quo
596 2799 719 2853 oep.
761 2782 847 2834 18.
893 2775 1082 2833 Haut).

303 2861 330 2912 8
339 2859 606 2932 2.Tr1'ga'nta
621 2857 1074 2926 duo.Quibusdam
1083 2859 1150 2911 Χ
1144 2857 1210 2910 Χ
1206 2897 1219 2910 .

241 2933 387 2991 chiffl.
398 2938 642 2996 XXXV.
655 2939 1080 3010 Damna—Leg.
1093 2933 1164 2986 Χ
1155 2933 1228 2988 ΙΙ

241 3017 338 3071 nin.
375 3018 594 3076 Pessime
628 3021 684 3074 in
727 3019 882 3072 libris
923 3017 1128 3088 scriptis
1171 3029 1225 3070 et

241 3091 391 3162 editis,
414 3105 606 3170 triginta
632 3099 732 3154 duo
750 3099 924 3152 mima.
943 3097 1106 3164 Quasi
1130 3098 1222 3150 Sa·

243 3175 468 3234 notlmee
485 3181 648 3254 magis
665 3179 887 3233 distaret
913 3178 979 3230 ab
997 3177 1185 3229 Imbro
1206 3215 1224 3244 ‚

243 3269 373 3323 (imm
415 3277 444 3312 a
487 3261 709 3315 Lemno.
758 3259 958 3312 Contra
1011 3257 1226 3310 Imbrus

243 3345 307 3385 ent
331 3336 455 3391 inter
469 3339 870 3402 Samothracen,
891 3351 942 3391 et
959 3337 1222 3390 Lemnon.

245 3411 426 3486 Iti-epidi
450 3439 592 3474 error
623 3438 688 3473 ex
720 3419 986 3490 triplicata
1017 3415 1226 3469 denarii

245 3497 420 3550 numeri
427 3511 562 3553 nota.
576 3499 692 3552 Nec
707 3497 1053 3552 Samothrace
1068 3495 1227 3549 distat

245 3575 430 3646 mplius
444 3597 520 3634 ιιι
545 3579 685 3634 mill.
714 3578 784 3630 ab
803 3577 1006 3632 Imbro.
1049 3575 1222 3631 Bnorr.

308 3653 386 3709 83.
405 3659 455 3712 A
491 3659 722 3712 Thracioe
750 3677 838 3709 ora
881 3659 1083 3726 triginta
1115 3667 1224 3706 octo

245 3731 339 3786 ⁸511.
359 3739 540 3791 cti-cuitu
570 3742 778 3809 triginta
803 3738 900 3790 duo
932 3735 1053 3793 mill.
1099 3733 1226 3788 Haec

247 3817 722 3885 -spoeoevidemun
754 3829 810 3870 et
842 3816 981 3870 forte
1003 3837 1036 3870 a
1061 3815 1224 3869 sciolo

245 3888 401 3950 nanu.
437 3897 643 3952 Desunt
677 3895 827 3950 enim
859 3896 917 3949 in
945 3895 1064 3949 MS.
1094 3895 1224 3965 neg.

255 3985 274 4020 1
289 3975 588 4036 ‚eteditione
607 3976 874 4050 principe.
890 3977 1030 4030 Sunt
1047 3987 1226 4028 autem

251 4047 455 4108 ὑπείη.
507 4055 848 4111 Samothrace
925 4055 1015 4109 vix
1069 4053 1228 4108 distat

253 4144 366 4186 ”m
388 4135 496 4189 min
536 4137 720 4190 ahora
745 4135 1008 4188 Thracia.
1033 4133 1200 4186 Bno‘r.

1399 1427 1496 1488 84
1516 1421 1683 1476 Saoce.
1704 1425 1901 1480 Σαώκη.
1926 1426 2093 1480 Monte
2112 1429 2345 1484 Nettemo.

1315 1505 1398 1557 Ita
1422 1503 1551 1556 libri
1588 1521 1790 1557 omnes.
1830 1505 2145 1560 Hermolaus
2170 1519 2347 1563 tamen

1315 1583 1567 1638 libentius
1588 1582 1691 1636 Sao
1712 1585 1951 1655 agnocit,
1963 1603 2027 1638 ex
2040 1586 2311 1641 Nicandro
2324 1627 2341 1652 ‚

1315 1664 1410 1736 qui
1435 1681 1559 1736 pag.
1588 1661 1658 1717 35
1680 1703 1696 1729 ,
1726 1664 1783 1716 in
1810 1665 2054 1719 Theriac.
2083 1667 2213 1720 Σάου
2240 1687 2349 1722 me·

1315 1744 1506 1810 minit,
1549 1761 1711 1814 quem
1753 1743 2118 1800 Samothraces
2159 1747 2345 1801 insulas

1315 1823 1553 1876 monte'm
1580 1841 1691 1876 esse
1714 1822 2034 1878 Scholiastes
2054 1825 2269 1882 Graecus
2288 1829 2343 1882 in

1314 1921 1440 1956 eum
1463 1903 1644 1956 locum
1672 1899 1942 1974 prodidit,
1968 1923 2089 1976 pag.
2132 1913 2223 1970 ²4·
2269 1907 2345 1960 At

1312 1995 1581 2054 receptam
1606 1981 1889 2036 lectionem
1918 1982 2155 2040 defendit
2178 1986 2343 2060 Hesy-

1311 2063 1492 2127 chius,
1515 2061 1607 2134 qui
1630 2073 1686 2114 et
1710 2061 1880 2134 ipsam
1901 2063 2129 2117 insulam
2152 2083 2216 2118 eo
2243 2086 2345 2120 no·

1311 2142 1458 2195 mine
1483 2137 1756 2214 quondam
1794 2143 2114 2212 appellatam
2144 2145 2342 2211 tradit,

1311 2240 1376 2274 ex
1407 2233 1593 2274 monte
1628 2217 1773 2272 haud
1813 2218 1977 2274 dubie
2007 2227 2340 2296 cognomine.

1311 2301 1533 2363 Σαωκὶς,
1560 2301 1738 2372 inquit
1755 2339 1771 2365 ,
1803 2303 1835 2358 ἡ
1878 2305 2167 2373 Σαμοθράκῃ
2190 2306 2341 2368 οὕτως

1313 2383 1533 2436 ἐκαλεῖτο
1558 2383 1807 2452 ›apd-repom
1838 2379 2103 2454 Didymus
2133 2403 2261 2438 vero
2290 2399 2344 2438 et

1310 2473 1548 2514 montem
1590 2459 1765 2530 ipsum
1795 2463 2067 2527 nominat,
2099 2464 2155 2516 in
2183 2463 2341 2519 Iliad.

1309 2539 1381 2607 N,
1395 2558 1447 2593 v.
1471 2557 1496 2591 1
1510 2558 1537 2590 a
1554 2577 1571 2604 ‚
1586 2556 1704 2611 pag.
1723 2545 1859 2610 387:
1879 2547 1980 2602 Τῆς
1998 2546 2337 2613 Σαμοθρηίκης·

1307 2617 1364 2671 τὸ
1395 2619 1626 2690 μίντοιὲν
1656 2619 1786 2688 αὐτῇ
1811 2620 1943 2690 ὅρος,
1976 2622 2155 2680 Samiam
2176 2629 2343 2678 καλεῖ-

1310 2718 1411 2752 ται.
1434 2700 1573 2751 Item
1597 2697 1845 2770 Geopon.
1874 2713 2077 2755 auctor.
2110 2701 2209 2756 lib.
2251 2704 2340 2769 Π,

1308 2797 1426 2850 cap.
1464 2777 1528 2842 5,
1568 2797 1683 2848 pag.
1720 2779 1810 2832 38.
1862 2779 2045 2844 Quum
2074 2799 2240 2852 porro
2280 2782 2337 2836 in

1308 2857 1463 2912 MSS.
1492 2857 1771 2923 omnibuS,
1796 2859 1926 2930 Reg.
1958 2879 1982 2914 1
2003 2899 2019 2925 ,
2052 2880 2079 2914 a
2110 2895 2128 2924 ‚
2180 2862 2336 2918 colb.

1319 2953 1341 2988 1
1362 2977 1378 3003 ,
1413 2956 1464 2990 a.
1505 2935 1672 2990 Paris.
1700 2935 1882 2992 chiffl.
1935 2941 2109 2996 Tolet.
2139 2937 2337 2996 diserte

1305 3016 1542 3088 legatur,
1594 3043 1617 3065 ι
1650 3016 1929 3072 Attollitur
1958 3033 2139 3074 monte
2175 3021 2339 3076 Saoce

1307 3093 1495 3150 decem
1510 3093 1643 3149 mill.
1658 3115 1789 3168 pass.
1811 3095 2125 3165 altitudinis,
2138 3102 2220 3154 vel
2233 3103 2337 3155 im·

1305 3175 1706 3248 portuosissima
1728 3176 2001 3232 omnium:
2026 3205 2049 3226 ι
2065 3199 2173 3252 quo
2192 3181 2305 3234 fato
2320 3221 2335 3246 ,

1307 3273 1483 3328 quove
1526 3255 1749 3310 consilio
1795 3257 1994 3312 factum
2034 3260 2136 3325 sit,
2178 3273 2237 3314 ut
2278 3261 2335 3314 in

1307 3335 1460 3388 libris
1486 3335 1709 3406 vulgatis
1735 3358 1759 3379 ι
1788 3333 1975 3390 decem
2020 3337 2155 3392 mill.
2194 3359 2333 3412 pass.

1307 3413 1709 3486 portuosissima
1738 3415 1985 3470 omnium
2004 3455 2022 3481 ,
2070 3443 2093 3466 ι
2136 3421 2337 3474 caeteris

1307 3495 1532 3548 vocibus
1572 3495 1882 3565 expunctis,
1925 3496 2171 3568 legatur,
2222 3518 2335 3552 non

1310 3575 1434 3628 satis
1457 3573 1717 3646 intelligo.
1742 3575 1927 3629 Ham).

1394 3655 1425 3707 8
1435 3655 1487 3706 5.
1506 3653 1829 3708 Dardaniam.
1850 3650 2109 3726 Δαρδανία
2121 3675 2337 3728 quoque

1313 3734 1581 3804 Stephano
1618 3730 1851 3802 dicitur,
1884 3747 1939 3788 et
1969 3735 2249 3802 Straboni,
2283 3739 2337 3790 in

1311 3811 1559 3886 Epit.lib.
1576 3813 1687 3866 VII
1702 3853 1718 3879 ,
1734 3833 1851 3888 pag.
1867 3815 1937 3870 33
1952 3831 1975 3864 1
1998 3853 2015 3879 ,
2036 3833 2068 3868 a
2087 3815 2341 3872 Dardano

1311 3893 1513 3946 Iasonis
1534 3893 1695 3946 fratre
1724 3911 1737 3946 :
1768 3893 2035 3948 Pausaniae
2062 3891 2295 3969 denique
2322 3932 2339 3954 .

1314 3973 1527 4025 Achaic.
1542 3973 1639 4025 lib.
1666 3973 1803 4037 VII,
1824 3991 1944 4044 pag.
1966 3971 2092 4036 403.
2115 3975 2299 4032 Hann.

1397 4054 1491 4106 86.
1518 4053 1711 4107 Vocat.
1740 4051 1827 4105 Sic
1849 4071 1933 4123 ap.
1960 4051 2143 4108 Chiffl.
2164 4053 2345 4108 Dalec.

1314 4150 1442 4184 vero
1466 4135 1698 4186 nominat.
1714 4131 1827 4184 En.

2002 4235 2136 4306 αι’
