2950 5017
1055 484 1358 553 LIBER
1405 484 1493 553 V.

2196 474 2339 579 495

205 644 324 713 qua
339 602 812 687 Anthemusia⁵
831 618 1406 711 etNicephorium
1419 602 1447 639 ⁶
1461 615 1728 711 oppida.
1750 616 1914 685 Mox
1930 615 2181 685 Arabes
2196 669 2216 703 ,
2226 617 2343 710 qui

205 726 472 795 Retavi⁷
534 738 865 793 vocantur
909 748 926 791 :
977 724 1222 792 horum
1271 737 1473 817 caput
1509 724 1785 817 Singara
1802 707 1845 789 ⁸.
1884 723 1941 790 A
1979 722 2343 791 Samosatis

204 846 454 914 autem,
493 828 702 899 latere
743 832 946 925 Syriae
973 884 994 918 ‚
1037 828 1380 925 Marsyas⁹
1423 830 1637 897 amnis
1686 829 1920 897 influit.
1982 827 2269 923 Cingilla
2296 824 2347 851 '⁹

273 996 327 1049 5.
360 995 703 1049 Anthemusia.
743 985 1053 1065 Ᾰνοιμουσῖα.
1083 994 1224 1047 Stra-

203 1075 319 1127 boni
336 1114 356 1139 ‚
375 1075 648 1136 timna,
673 1092 793 1145 pag.
822 1080 960 1143 747,
980 1072 1036 1125 in
1055 1072 1230 1126 Meso·

203 1154 446 1225 potamia.
490 1154 734 1213 Tacitus,
763 1152 959 1207 Annal.
990 1152 1088 1207 lib.
1115 1152 1198 1207 ‘VI
1213 1191 1230 1220 ,

203 1242 306 1305 pag.
349 1237 460 1299 148
484 1252 503 1288 t
539 1260 562 1281 ι
585 1234 1005 1305 Nicephorium,
1027 1247 1081 1286 et
1107 1232 1228 1285 An-

205 1312 522 1367 themusiada
543 1354 557 1375 ,
575 1326 891 1385 caeterasque
913 1311 1098 1377 urbes,
1111 1331 1230 1384 quae

205 1411 229 1444 a
263 1392 654 1447 Macedonibus
694 1392 834 1451 sitae,
877 1409 1044 1463 groeca
1071 1411 1230 1445 voca-

205 1473 310 1525 bula
345 1484 628 1543 usurpant.
658 1496 682 1517 ι
715 1471 990 1543 Indigenis
1013 1472 1230 1543 Χάρωνα.

203 1548 334 1606 ww
345 1551 758 1605 Anthemusiam
771 1551 1086 1623 appellatam
1101 1570 1230 1619 esse,

203 1646 374 1686 auctor
399 1644 484 1686 est
509 1629 748 1685 Isidorus
787 1631 1006 1684 Char-c.
1027 1635 1076 1685 ἐν
1101 1637 1234 1685 Zra-

204 1715 322 1780 ομοῖς
341 1750 360 1777 ,
385 1731 446 1783 p.
483 1730 506 1763 1
521 1712 618 1765 85.
635 1710 930 1763 Nummum
954 1710 1230 1765 Avenione

205 1802 252 1843 et
272 1791 522 1845 Massilia
547 1791 650 1844 sibi
675 1790 846 1843 visum
870 1807 1004 1855 esse,
1033 1808 1104 1843 ex
1125 1810 1230 1845 tere

205 1872 449 1936 minimo,
481 1869 694 1941 scripsit
717 1868 788 1923 ad
817 1888 915 1922 uos
935 1870 1138 1923 amicus
1164 1890 1230 1923 ex

205 1950 321 2005 urhe
345 1952 526 2004 Roma
538 1989 554 2017 ,
567 1954 666 2003 sub
678 1949 949 2002 Antonino
968 1950 1148 2002 Severi
1165 1950 1226 2003 F.

205 2046 506 2097 percussum
521 2066 539 2093 ‚
561 2029 668 2083 hoc
685 2028 844 2081 titulo
862 2046 876 2082 ε
893 2034 1000 2082 ΑΥ.
1021 2034 1088 2081 K.
1103 2036 1230 2083 AN·

205 2111 526 2165 mNrNoC.
551 2109 726 2181 capite
751 2108 1002 2161 laureato.
1023 2099 1109 2175 ..)(
1125 2110 1228 2163 Ca·

205 2202 290 2259 put
311 2188 581 2243 muliebre
604 2188 856 2241 turritum
879 2206 941 2240 ac
969 2188 1226 2254 velatum,

206 2270 496 2336 symbolum
525 2268 708 2321 libera
733 2267 958 2320 civitatis
981 2286 996 2325 ε
1017 2268 1226 2339 epigra-

205 2346 330 2415 phe,
355 2346 878 2403 ANeEMorclnN.
908 2346 1092 2400 Hann.

277 2430 325 2480 6.
351 2428 714 2499 Nicephorium.
745 2427 1226 2499 Nmuvo'ptovnimpi

203 2493 414 2561 Εδισσαιν
435 2508 604 2574 πόλις,
617 2506 902 2576 Stephano.
923 2505 1227 2561 H.--1niu2

209 2584 368 2640 locum
395 2600 584 2641 tenere
607 2584 816 2639 videtur
833 2585 990 2637 Raca.
1018 2587 1125 2638 En.

279 2686 334 2735 7.
360 2667 702 2735 anavaneg.
729 2685 752 2718 ι
773 2703 790 2729 ,
823 2685 886 2730 2,
905 2664 1060 2719 Colb.
1091 2684 1144 2730 1,
1171 2684 1227 2731 a,

209 2742 426 2801 Proeeaoi.
459 2744 882 2815 Eum—1423.
907 2745 1142 2799 Praetavi.
1158 2748 1224 2799 In

208 2822 423 2879 editione
445 2824 704 2897 principe
718 2862 736 2889 ‚
773 2825 1014 2877 Pnetanff.
1045 2826 1112 2877 In
1137 2844 1224 2879 re-

209 2905 550 2969 centioribus,
575 2906 768 2957 Πρωνί.
798 2904 968 2956 Bnor.

279 2987 330 3038 8.
357 2984 594 3054 Singara.
620 2983 930 3054 Stephanus
958 3001 972 3033 e
1003 2984 1224 3054 Σίγγαρα

207 3063 332 3125 πολις
364 3057 588 3135 Ᾰραῦἶας
628 3065 748 3134 πρὸς
789 3068 853 3131 τῇ
881 3058 1103 3133 Εὸίσσᾳ.
1139 3064 1224 3115 Ibi

203 3139 522 3213 Singarensis
549 3160 726 3215 pugna
763 3142 1060 3195 Constantii
1079 3144 1221 3213 Imp.

206 3219 440 3276 adversus
447 3223 726 3277 chosroen
735 3222 1014 3275 Persarum
1024 3240 1224 3293 regem,

205 3296 269 3353 de
289 3320 392 3373 qua
405 3322 508 3355 nos
520 3303 726 3373 egimus
754 3302 812 3353 in
831 3302 972 3356 uotis
987 3300 1057 3355 ad
1077 3302 1223 3354 The-

203 3382 424 3435 mistium
449 3421 467 3446 ,
506 3394 640 3435 orat.
667 3383 716 3435 1.
743 3382 932 3435 Hsun.
959 3410 1044 3423 -—·
1066 3382 1225 3435 Nunc

203 3456 374 3531 Sbvjar.
406 3462 581 3515 Bam·-

275 3560 326 3609 9.
345 3542 579 3612 Marsy-as
599 3544 772 3593 amni-n
789 3541 872 3592 De
883 3558 997 3611 quo
1016 3537 1222 3593 dictum

201 3630 274 3671 est
301 3638 418 3691 cap.
455 3638 548 3691 ¹7·
573 3621 732 3675 Nunc
771 3618 960 3691 Sandjd
999 3632 1221 3685 vocant,

199 3696 447 3769 Syrorum
462 3718 596 3754 voce
607 3700 831 3771 antiqua
851 3716 1006 3753 :nam
1035 3712 1090 3753 et
1113 3700 1226 3770 Σίγ-

197 3796 283 3845 γας
319 3780 612 3833 Ptolemae
650 3779 870 3847 dicitur,
891 3780 931 3833 l.
949 3781 1026 3843 V,
1056 3798 1103 3833 c.
1131 3779 1223 3834 15.

199 3854 373 3909 Han.
407 3868 460 3909 et
481 3858 588 3909 En.

279 3956 358 3991 to.
391 3938 636 4009 Cingilla.
667 3939 786 3992 Hoc
831 3939 1058 3992 maxime
1103 3956 1222 3991 om-

201 4016 338 4069 nium
365 4019 490 4073 loco
519 4032 744 4089 grassata
776 4018 1220 4089 interpolatorum

201 4096 404 4151 audacia
457 4110 542 4151 est
575 4135 594 4161 ‚
639 4099 728 4169 qui
773 4099 848 4153 sic
895 4097 1182 4152 ediderunt
1203 4116 1218 4150 z

1312 1018 1338 1041 ι
1363 991 1559 1064 Gingla
1589 993 2002 1063 Commagenem
2029 992 2181 1059 finit,
2227 994 2345 1047 Me-

1307 1092 1493 1125 rorum
1521 1072 1702 1126 civitas
1732 1072 1940 1144 incipit.
1964 1098 1987 1121 ι
2022 1074 2105 1125 En
2149 1073 2344 1128 iterum

1308 1152 1593 1205 Mer-orum
1640 1152 1876 1205 Arabum
1935 1170 2033 1224 per
2080 1172 2343 1206 summam

1307 1232 1418 1285 vim
1444 1232 1661 1287 obtrusa
1689 1232 1910 1285 mentio.
1932 1235 2003 1285 At
2024 1232 2182 1285 MSS.
2203 1234 2338 1305 Reg-

1315 1328 1338 1364 1
1362 1351 1378 1376 ‚
1407 1333 1436 1365 2
1455 1351 1470 1373 ‚
1498 1311 1653 1365 Colb.
1684 1328 1707 1364 1
1732 1350 1747 1377 ,
1778 1330 1839 1377 a,
1864 1324 1917 1365 et
1937 1312 2103 1366 Paris.
2135 1314 2267 1384 quin
2288 1324 2342 1365 et

1307 1391 1504 1463 Rigalt.
1530 1390 1697 1445 codex
1714 1432 1731 1455 ,
1763 1391 1834 1443 ita
1857 1392 2119 1445 referente
2139 1392 2341 1445 Salma-

1307 1471 1414 1536 sio,
1438 1490 1561 1542 pag.
1588 1472 1699 1523 630
1716 1510 1731 1537 ,
1757 1470 1814 1523 in
1838 1472 2109 1536 Solinum‚
2151 1472 2225 1525 sic
2250 1490 2341 1525 ex-

1306 1550 1526 1605 hibent:
1559 1550 1823 1621 ·Cingilla
1854 1552 2251 1620 Commagenen
2273 1552 2341 1605 fl-

1305 1630 1414 1695 uit,
1451 1631 1603 1683 lmen
1646 1630 1827 1683 civitas
1869 1630 2077 1701 incipit.
2119 1656 2141 1677 ι
2180 1631 2341 1684 Certe

1306 1728 1428 1779 quae
1445 1710 1675 1781 Cingilla
1689 1709 1888 1773 Punic,
1902 1728 1964 1763 ea
1982 1723 2060 1762 est
2079 1728 2197 1781 quae
2220 1710 2343 1763 Pto-

1303 1788 1491 1842 lemno
1512 1828 1533 1853 ‚
1568 1790 1663 1843 lib.
1700 1791 1787 1855 V,
1814 1806 1930 1860 cap.
1980 1788 2047 1843 15
2068 1827 2084 1855 ,
2130 1790 2339 1844 Κικιλίαι

1305 1869 1671 1939 Cyrrhestices
1694 1881 1817 1941 post
1838 1871 2119 1939 Europum
2142 1868 2209 1921 ad
2229 1870 2339 1921 Eu-

1305 1948 1547 2020 phratem
1574 1949 1759 2002 civitas
1786 1949 2083 2019 appellatur
2102 1948 2225 2001 :sed
2246 1964 2341 2001 ve-

1303 2029 1416 2081 rius
1441 2047 1470 2081 a
1486 2029 1663 2082 Plinio
1684 2028 2055 2099 commagenae
2075 2027 2337 2081 adscribi·

1305 2118 1428 2162 tur:
1449 2109 1621 2161 Imma
1644 2126 1801 2173 vero,
1824 2126 1915 2161 seu
1946 2109 2148 2174 Imme‚
2174 2126 2337 2180 quam

1303 2186 1468 2240 hodie
1490 2188 1675 2241 Har-em
1703 2187 1885 2240 vocari
1905 2187 1981 2239 ait
1999 2186 2335 2255 n’Anvrnu,

1302 2268 1421 2321 Ptol
1427 2286 1592 2320 emoo
1606 2266 1779 2321 eidem
1797 2266 2086 2321 Seleucidis
2102 2281 2202 2329 est,
2219 2286 2339 2338 qun

1303 2346 1676 2418 Commagena
1695 2345 1940 2419 proxima
1966 2366 2133 2419 quum
2148 2348 2241 2409 sit,
2269 2348 2337 2401 ab

1301 2427 1593 2480 novissimo
1600 2429 1715 2498 ejus
1722 2425 1931 2498 oppido
1942 2428 2333 2498 Commagenen

1301 2505 1571 2578 incipere,
1594 2506 1890 2559 indubitata
1932 2508 2177 2578 profecto
2207 2526 2337 2559 con·

1297 2586 1505 2655 iectura
1526 2598 1623 2638 est.
1653 2585 1859 2639 Montio
1897 2589 2012 2655 ejus
2036 2585 2229 2658 oppidi
2256 2595 2335 2640 est

1303 2664 1464 2718 etiam
1490 2664 1549 2717 in
1574 2664 1895 2738 Hieronymi
1916 2667 2191 2730 chronico,
2219 2667 2333 2718 Au-

1301 2744 1495 2797 reliani
1537 2745 1736 2815 Imper.
1782 2762 1925 2797 anuo
1966 2766 1995 2798 ι
2018 2762 2033 2797 :
2059 2772 2080 2794 ι
2100 2748 2333 2799 Zenobia

1301 2822 1450 2894 apud
1473 2826 1669 2877 Immas
1696 2822 1845 2877 haud
1875 2824 2036 2896 longe
2050 2826 2119 2879 ab
2142 2827 2332 2879 Antio·

1302 2904 1422 2956 chia
1445 2903 1699 2957 vincitur.
1717 2928 1742 2951 ι
1768 2904 1855 2957 sic
1868 2906 2009 2957 enim
2024 2906 2137 2959 Ms.
2160 2904 2329 2959 codex

1301 2996 1485 3037 noster
1525 2984 1741 3036 exhibet
1771 2984 1900 3035 :ubi
1928 2998 2181 3057 corrupte
2206 2986 2330 3039 libri

1302 3063 1532 3134 vulgati,
1566 3062 1702 3133 apud
1746 3064 1927 3117 Timas.
1962 3066 2189 3131 Immes‚
2220 3065 2331 3118 sive

1299 3144 1619 3204 Immarum,
1652 3142 1897 3195 meminit
1920 3156 2173 3215 praeterea
2201 3146 2331 3198 Hie·

1299 3240 1564 3295 ronymus
1601 3222 1659 3275 iu
1689 3223 1799 3275 vita
1833 3223 2063 3287 Malchi,
2090 3243 2203 3295 cap.
2234 3242 2284 3277 11
2314 3241 2329 3277 :

1308 3326 1332 3349 ι
1351 3302 1579 3357 Perveni
1592 3300 1806 3356 tandem
1820 3302 1888 3355 ad
1900 3303 2151 3357 Eremum
2171 3304 2330 3355 Chal-

1303 3380 1478 3439 cidos,
1508 3382 1601 3452 qui
1622 3383 1765 3435 inter
1790 3382 1985 3435 Immes
2012 3396 2065 3436 et
2090 3384 2330 3436 Beroeam

1301 3461 1468 3532 magis
1482 3459 1551 3513 ad
1564 3473 1803 3514 austrum
1822 3462 1917 3515 sita
1932 3474 2026 3514 est.
2048 3488 2072 3510 ι
2102 3464 2209 3515 Ubi
2226 3464 2331 3516 Co·

1297 3538 1601 3605 lomeditio,
1614 3545 1739 3593 inter
1756 3542 1976 3593 Emmcm
1985 3540 2330 3607 habet.Quod

1301 3632 1474 3673 autem
1502 3620 1811 3686 Salmasius,
1828 3623 1949 3673 loco
1962 3622 2137 3685 citato,
2164 3622 2329 3676 Gain-

1301 3700 1470 3752 darum
1499 3718 1601 3771 pro
1630 3700 1847 3770 Cingilla
1876 3701 2111 3771 reponit,
2138 3714 2191 3754 et
2218 3701 2329 3755 vim

1301 3778 1577 3833 codicibus
1620 3781 1851 3851 antiquis
1878 3780 2002 3834 facit
2021 3818 2035 3841 ,
2073 3794 2125 3834 et
2166 3780 2329 3833 Plinii

1301 3860 1468 3931 ipsius
1496 3860 1797 3913 auctoritati
1823 3878 1885 3913 ac
1912 3858 2202 3932 diligentias
2232 3860 2329 3914 de-

1301 3940 1462 3992 trahit
1506 3940 1803 4011 plurimum
1830 3958 1846 3993 :
1876 3940 1919 3993 si
1952 3940 2288 3994 Gindarenos
2310 3980 2330 4007 ,

1301 4038 1440 4090 quos
1469 4020 1714 4091 proxime
1733 4032 1909 4083 antea,
1931 4039 2049 4090 cap.
2080 4040 2175 4090 19,
2192 4022 2331 4093 Cyr-

1297 4098 1537 4153 rhesticae
1564 4099 1768 4170 regioni
1786 4100 2029 4153 attribuit
2047 4138 2063 4165 ‚
2085 4120 2227 4154 nunc
2248 4102 2333 4153 sui
