2950 5017
1048 457 1366 524 LIBER
1428 456 1563 523 VI.

2214 454 2365 552 607

231 602 296 656 et
338 589 480 682 ipse
539 576 569 679 (
611 601 688 655 ut
722 584 945 681 plures
987 571 1530 673 existimavere⁴)
1576 609 1615 653 a
1675 571 1893 680 Cyr0⁵
1950 584 2249 656 defertur
2305 591 2369 656 in

233 698 545 788 Caspium
586 717 787 762 mare.

332 799 607 895 Oppida
640 799 1061 868 celebrantur
1101 799 1169 866 in
1208 781 1537 883 minore⁶‚
1575 796 1956 884 Caesaream
1991 784 2169 869 Aza⁸
2190 853 2211 888 ‚
2250 800 2366 868 Ni-
2410 822 2440 853 2

232 905 520 1000 oopolis⁹
579 931 595 974 :

659 908 728 976 in
778 905 1065 999 majore,
1120 901 1542 974 Armosata¹⁰
1577 903 1907 997 Euphrati
1946 906 2320 999 proximum
2349 959 2369 990 ‚

229 1013 409 1105 Tigri
440 1012 987 1082 Carcathiocerta
1008 1009 1051 1034 ¹¹
1093 1037 1109 1079 ε
1142 1012 1211 1079 in
1238 1006 1563 1080 excelso¹²
1592 1023 1816 1078 autem
1858 1011 2367 1104 Tigranocerta:

309 1215 360 1272 4.
407 1210 652 1280 Utplum
671 1213 1014 1265 existimavere.
1036 1211 1226 1264 Strabo
1240 1248 1256 1274 ‚

228 1289 321 1343 lib.
347 1291 450 1353 xl,
473 1308 594 1362 pag.
621 1292 753 1358 529,
781 1305 833 1344 et
850 1290 1167 1345 Plutarchus
1199 1288 1254 1340 in

228 1369 521 1441 Pompeio,
560 1389 683 1442 pag.
732 1371 880 1440 637,
920 1382 1197 1441 receptum
1226 1388 1255 1421 a

229 1449 376 1517 Cyro
431 1450 667 1502 Araxem
708 1449 764 1502 in
811 1450 1068 1521 Caspium
1108 1467 1256 1502 mare

227 1526 444 1582 devolvi
487 1529 672 1593 aiuut3
704 1531 932 1600 proprio
963 1547 1018 1581 se
1049 1547 1145 1582 ore
1183 1529 1257 1581 ef-

229 1606 455 1661 fundere
479 1608 621 1661 Mela
644 1620 722 1661 est
748 1621 952 1673 auctor,
976 1608 1094 1661 loco
1116 1608 1255 1660 citat.

228 1687 425 1741 scilicet
454 1689 679 1758 proprio
703 1687 853 1741 alveo
867 1688 1040 1741 fertur
1065 1687 1123 1739 in
1143 1706 1255 1739 ma·

227 1785 317 1825 re,
346 1765 441 1820 sed
470 1767 643 1820 altero
670 1767 832 1820 veluti
881 1766 1102 1820 brachio
1146 1766 1257 1840 Cy-

227 1864 349 1899 rum
371 1846 534 1936 petit,
567 1863 691 1898 cum
733 1865 842 1919 quo
879 1865 1093 1899 rursum
1127 1865 1255 1900 con-

226 1926 425 1995 junctis
461 1925 613 1997 aquis
644 1924 789 1978 idem
822 1944 968 1980 mare
993 1926 1143 1998 petit.
1176 1927 1257 1982 Its

230 2005 568 2070 Ptolemaeus,
593 2005 685 2058 tib.
710 2007 784 2071 V,
802 2023 918 2079 cap.
955 2005 1047 2059 13.
1071 2005 1254 2058 Hann-

311 2087 364 2138 5.
389 2085 446 2138 A
476 2085 628 2157 Cyro.
657 2085 835 2138 Tolet.
864 2097 918 2138 et
944 2085 1164 2138 Salmas.
1196 2084 1257 2136 de

233 2164 380 2237 Cym.
403 2165 514 2218 En.

309 2247 365 2298 6.
405 2246 472 2297 ln
518 2246 715 2297 minore.
756 2244 1010 2297 Armenia
1056 2243 1258 2297 scilicet

230 2322 439 2378 minore
457 2363 475 2390 ‚
526 2341 647 2394 que
693 2324 760 2376 ab
815 2336 940 2377 ortu
984 2323 1257 2392 Euphrate

230 2400 512 2468 clauditur,
545 2401 887 2474 Cappadocia
918 2403 984 2455 ab
1019 2421 1211 2457 occasu
1239 2419 1254 2455 τ

229 2499 260 2534 a
297 2482 705 2555 septemtrione,
736 2480 1005 2554 Paryadra
1031 2495 1213 2536 monte
1238 2501 1252 2535 ε

230 2563 468 2628 Amano,
491 2579 522 2614 a
544 2560 787 2615 meridie.
813 2562 999 2615 Hnm.

309 2661 364 2712 7.
401 2642 651 2694 cosma.
694 2643 847 2695 Hanc
886 2659 999 2694 esse
1036 2641 1256 2719 Neocae-

230 2739 429 2774 saream
453 2721 717 2786 existimo,
744 2739 901 2792 quam
927 2720 983 2772 in
1008 2719 1257 2791 Euphra·

232 2801 299 2853 tis
327 2801 450 2873 ripa
480 2800 756 2854 conditam
777 2801 849 2853 ait
879 2799 1107 2870 Niceph.
1135 2801 1257 2854 Cal-

230 2880 399 2946 listus,
425 2881 633 2934 Eccles.
652 2879 854 2932 Hister.
875 2879 976 2933 lib.
993 2880 1133 2931 vm
1152 2919 1170 2947 ,
1198 2898 1258 2951 p.

235 2960 362 3014 560.
391 2959 576 3012 Eun.

307 3042 369 3094 8.
394 3040 534 3094 Asa.
571 3039 721 3091 Hanc
756 3037 918 3092 habet
956 3038 1259 3091 Antoninus

231 3119 285 3171 in
299 3119 490 3172 Itiner.
505 3137 537 3170 a
559 3118 728 3172 Satala
746 3117 1010 3170 Armenia:
1022 3117 1257 3182 civitate,

232 3198 493 3269 cujusalii
521 3199 911 3260 meminerunt,
944 3215 1009 3250 x.
1035 3214 1087 3249 v.
1107 3215 1256 3249 xxvi.

232 3277 415 3331 Eum.
468 3309 553 3320 —
598 3278 757 3329 Nunc
808 3279 989 3342 Ezaz,
1044 3289 1259 3329 auctore

235 3360 569 3410 nuatum.
596 3357 700 3410 En.

315 3456 370 3507 9.
399 3436 669 3506 Nicopolis.
691 3436 755 3488 In
778 3435 985 3489 minore
1008 3433 1260 3488 Armenia

236 3534 265 3568 a
287 3515 548 3587 Pompeio
574 3515 772 3585 Magno
804 3516 1005 3587 posita,
1040 3533 1105 3567 eo
1143 3515 1260 3585 ipso

235 3596 361 3649 loco
390 3614 502 3668 quo
530 3593 599 3647 de
634 3593 946 3648 Mithridate
977 3594 1259 3648 victoriam

235 3674 445 3732 retulit,
475 3693 541 3727 ex
569 3691 674 3745 qua
697 3674 895 3727 factum
922 3673 1129 3746 oppido
1162 3691 1259 3725 no-

234 3773 358 3808 men
373 3796 389 3820 ,
416 3767 481 3806 ut
504 3755 745 3807 referunt
770 3755 980 3819 Strabo,
1004 3753 1100 3807 lib.
1120 3752 1231 3805 ΧΠ
1245 3791 1262 3818 ,

233 3853 355 3905 pag.
392 3834 533 3898 555,
556 3845 611 3887 et
643 3834 763 3890 Dio.
791 3834 888 3887 lib.
911 3832 1171 3896 xxxv1‚
1202 3850 1262 3904 p.

240 3918 334 3967 ²5.
358 3914 814 3985 Stephanus‚pag.
837 3916 974 3982 496,
995 3914 1260 3973 Νικόπολις

232 4001 326 4054 τῆς
341 3997 518 4064 μικρᾶς
538 3985 798 4063 Ᾰρμενίας.
822 3993 1089 4046 ΗΑιιυ.-
1102 3992 1259 4044 Nunc

236 4073 433 4126 Dioriki
449 4073 768 4144 appellatur.
790 4072 894 4125 En.

1432 1226 1516 1262 ιο.
1541 1211 1824 1260 Armorum.
1851 1208 1919 1260 In
1944 1208 2200 1263 Plinianis
2221 1210 2375 1264 libris

1344 1287 1633 1340 Arzamote.
1673 1285 1836 1358 Apud
1859 1288 2140 1354 Tacitum,
2179 1291 2371 1345 Annal.

1343 1367 1440 1420 lib.
1459 1367 1584 1431 XV,
1598 1379 1652 1419 et
1675 1365 1906 1420 Ptolem.
1932 1367 2104 1433 lib.v,
2133 1386 2253 1439 cap.
2281 1371 2370 1434 13,

1341 1448 1667 1499 Arsamosata
1712 1460 1939 1498 vocatur
1980 1445 2036 1498 id
2082 1449 2366 1518 oppidum.

1344 1527 1552 1580 Verum
1592 1537 1647 1578 et
1678 1525 1735 1578 in
1770 1525 1876 1578 illis
1909 1528 2276 1597 transpositas,
2319 1544 2371 1582 ct

1341 1604 1492 1677 apud
1529 1607 1658 1659 istos
1691 1622 2042 1675 supervacuas
2080 1625 2141 1658 ac
2170 1605 2370 1660 redun-

1343 1683 1531 1739 dantes
1571 1685 1672 1736 hac
1711 1684 1768 1736 in
1808 1702 1940 1737 voce
1974 1685 2175 1737 litteras
2204 1706 2371 1758 agno·

1343 1766 1538 1818 scimus
1568 1782 1630 1815 ex
1663 1763 1879 1834 Potybii
1919 1767 2209 1836 excerptis,
2247 1786 2371 1838 pag.

1345 1849 1414 1925 36
1444 1861 1459 1897 ε
1488 1835 1584 1898 ὁτι
1607 1843 1777 1914 Ξέρξου
1807 1844 2151 1908 βασιλεύοντος
2181 1847 2372 1908 πόλεως

1337 1926 1651 1994 Δρμόσατα,
1694 1925 1732 1984 ᾗ
1767 1926 1929 1976 κεῖται
1968 1926 2086 1994 πρὸς
2118 1932 2190 1993 τῷ
2233 1934 2371 1998 κιλῷ

1340 1999 1505 2075 πεδίῳ
1520 2004 1803 2075 καλουμένῳ
1833 2005 1982 2074 μέσον
2011 2005 2263 2075 Εὐφράτου
2286 2007 2371 2059 καὶ

1341 2079 1571 2154 Τίγριδος
1586 2120 1604 2147 ,
1626 2095 1730 2135 etc.
1759 2083 1942 2135 Ham).

1431 2182 1453 2217 t
1472 2182 1520 2216 1.
1565 2162 1978 2216 Camathiocerta.
2032 2160 2223 2215 Strabo
2273 2163 2371 2218 lib.

1343 2241 1442 2305 XI,
1470 2261 1591 2313 pag.
1627 2242 1761 2310 527,
1783 2243 2034 2294 Βασίλειον
2065 2238 2124 2295 δὲ
2160 2249 2249 2303 τῆς
2270 2248 2373 2296 Σω-

1344 2326 1494 2391 φηνῆς
1524 2321 1962 2391 Καρκοιθιόκιρτα,
1994 2321 2268 2393 Sophenes
2293 2342 2376 2376 re-

1344 2402 1427 2473 gia
1453 2402 1568 2454 haec
1595 2401 1714 2454 suit·
1745 2400 1813 2452 H.
1837 2433 1917 2443 —
1949 2400 2104 2453 Illam
2125 2400 2369 2456 eamdem

1344 2499 1453 2534 esse
1494 2498 1614 2552 qum
1651 2478 1902 2550 deinceps
1946 2478 2145 2533 Amida
2188 2495 2373 2535 vocata

1343 2573 1456 2625 est,
1486 2572 1538 2612 et
1560 2578 1678 2632 quae
1705 2559 2011 2613 etiamnunc
2027 2560 2373 2625 Kam-Ame'd,

1343 2639 1455 2693 sive
1500 2638 1811 2691 Diar-Bekir
1850 2638 2072 2705 dicitur,
2119 2639 2375 2710 opinatur

1343 2718 1675 2773 n'Anvumz.
1695 2719 1801 2771 En.

1432 2817 1456 2852 1
1472 2819 1523 2852 2.
1571 2799 1632 2851 In
1682 2798 1870 2850 excelso
1918 2810 2076 2848 autem
2126 2799 2374 2868 Tigrano.

1345 2890 1495 2931 certa.
1541 2879 1605 2929 In
1658 2877 1778 2948 ipso
1828 2877 1938 2929 sere
1972 2878 2239 2931 Armenias
2280 2881 2376 2932 As·

1344 2958 1608 3029 syriaeque
1646 2956 1911 3021 confinio,
1954 2957 2074 3009 loco
2117 2970 2374 3011 montano

1345 3050 1400 3092 et
1447 3049 1722 3108 praerupto
1761 3055 1790 3088 a
1826 3035 2057 3106 Tigrane
2098 3035 2375 3091 conditore

1345 3120 1740 3189 Τιγρανόκιρτα,
1771 3134 1966 3167 nomen
1996 3115 2214 3169 invenit.
2236 3117 2374 3170 Nam

1345 3196 1673 3249 Parthorum
1717 3195 1904 3266 lingua
1949 3214 2010 3248 ea
2056 3214 2157 3248 vox
2187 3196 2376 3268 Tigra·

1346 3275 1590 3346 nopolim
1618 3286 1770 3327 sonat
1791 3313 1808 3340 ,
1839 3275 2012 3345 inquit
2041 3273 2372 3346 Stephanus,

1346 3373 1469 3427 pag.
1524 3354 1660 3408 655.
1713 3354 1783 3407 Et
1842 3353 2142 3423 Hesychius
2167 3393 2183 3418 ‚
2249 3373 2372 3426 pag.

1352 3434 1502 3487 521:
1535 3437 1742 3505 Κίρτα,
1784 3434 1921 3494 πόλις
1968 3433 2063 3486 ὑπὸ
2107 3425 2374 3504 Ᾰρμινίυν.

1348 3514 1522 3566 Aliam
1548 3511 1782 3584 ejusdem
1808 3512 2040 3564 nominis
2061 3531 2239 3567 versus
2258 3515 2376 3566 Lbe-

1347 3594 1485 3647 riam
1555 3606 1610 3645 et
1658 3591 2091 3663 septemtrionem
2137 3596 2376 3662 agnoscit

1350 3673 1561 3737 Strabo,
1586 3672 1683 3726 lib.
1711 3673 1813 3735 xl,
1842 3689 1962 3742 pag.
1995 3672 2127 3724 532.
2157 3671 2284 3726 Haec
2304 3673 2373 3726 sd

1350 3754 1607 3804 Austrum
1622 3752 1739 3817 sita,
1764 3749 1906 3803 unde
1924 3769 2048 3803 mox
2061 3749 2129 3804 ad
2145 3751 2375 3807 Iberiam

1350 3849 1518 3902 usque
1557 3829 1786 3885 latitudo
1825 3841 2040 3900 petatur
2070 3832 2232 3884 totius
2273 3835 2375 3886 Ar-

1349 3912 1587 3964 menio:
1638 3929 1745 3982 quo
1793 3909 1848 3961 in
1893 3908 1999 3961 situ
2053 3923 2106 3964 et
2150 3912 2216 3964 ab
2259 3911 2379 3983 ipso

1346 3991 1638 4043 Ptolemaeo
1676 3991 1919 4052 locatur,
1971 3989 2065 4041 lib.
2091 3992 2163 4054 V,
2205 3991 2382 4062 capite

1360 4069 1446 4121 13.
1481 4069 1660 4122 Hsnn.
