2950 5017
530 446 683 520 620

1052 449 1131 516 C.
1185 447 1531 518 PLINII
1585 449 1810 518 NAT.
1867 447 2125 516 HIST.

527 580 803 648 rissima·
833 575 1113 672 Reliqua
1136 602 1298 648 vero
1328 577 1548 648 fronte
1567 627 1588 662 ‚
1613 602 1746 672 qua
1766 577 1980 647 tendit
1995 576 2081 646 ad
2100 575 2418 671 Caspium
2443 601 2670 662 mare,

529 689 933 778 Atropatene
950 681 994 706 ¹¹
1019 737 1039 770 ‚
1057 683 1141 752 ab
1166 685 1493 754 Armeniae
1523 687 1743 754 Otene
1765 685 2032 779 regione
2055 683 2340 754 discreta
2355 680 2402 706 ¹²
2423 689 2668 753 Araxe.

530 775 933 885 Oppidum¹³
963 790 1105 884 ejus
1134 793 1370 878 Gazae,
1400 791 1488 858 ab
1507 777 1556 820 ¹⁴
1583 792 1916 861 Artaxatis
1947 813 2164 861 ccccm
2191 812 2277 860 u.
2309 813 2664 884 passuum:

531 895 805 965 totidem
842 896 928 964 ab
963 896 1318 966 Ecbatanis
1355 896 1749 986 Medorum,
1780 921 2065 992 quorum
2101 919 2256 991 pars
2287 910 2446 965 sunt
2479 901 2674 964 Atro·

533 1003 779 1098 pateni.

640 1110 859 1176 XVII.
912 1101 1119 1196 (x1v.)
1178 1107 1556 1177 Ecbatana¹
1603 1122 1807 1204 caput
1858 1107 2099 1214 Mediae
2156 1107 2471 1178 Seleucus
2491 1105 2518 1132 ²
2553 1131 2676 1176 rex

532 1293 643 1348 diei
666 1294 858 1359 unius,
885 1296 995 1366 jam
1028 1306 1081 1347 et
1116 1293 1329 1348 civitate
1358 1292 1552 1367 pedem

536 1374 804 1429 extulisset
840 1391 939 1444 per
978 1387 1187 1444 portam
1234 1375 1554 1446 oppositam.

535 1456 678 1525 Ergo
704 1454 808 1506 iter
831 1452 996 1507 trium
1030 1451 1233 1506 dierum
1258 1455 1316 1507 in
1338 1455 1452 1526 ipsa
1481 1455 1557 1507 ci-

538 1533 702 1587 vitate
718 1529 1123 1603 intelligendum
1148 1545 1255 1600 est,
1284 1546 1337 1587 et
1366 1551 1464 1606 per
1478 1535 1560 1586 vi-

540 1632 630 1667 cos
671 1612 896 1666 civitatis
934 1611 1167 1683 singulos
1210 1630 1272 1666 ea
1312 1630 1563 1667 mensura

539 1689 846 1764 accipienda
873 1703 965 1744 est.
990 1691 1253 1746 Clamavit
1277 1693 1446 1745 Jonas
1462 1710 1563 1762 per

540 1772 685 1825 vicos
707 1783 837 1842 quot
852 1771 1031 1842 potuit
1047 1770 1386 1825 deambulare
1413 1771 1566 1824 itine-

546 1870 607 1904 re
632 1851 795 1904 unius
813 1848 921 1902 diei
942 1869 958 1906 t
992 1848 1049 1902 id
1073 1849 1220 1922 quod
1242 1850 1453 1904 tertiam
1476 1870 1567 1904 ur·

542 1931 624 1983 bis
650 1943 852 2002 partem
888 1929 1071 1984 efficit.
1110 1928 1249 1982 Inde
1283 1947 1471 1982 rumor
1497 1929 1564 1983 ad

543 2021 759 2063 caeteros
788 2009 1051 2080 perusin
1094 2027 1155 2060 ac
1195 2007 1451 2082 postridie
1497 2005 1564 2060 ad

542 2107 721 2161 regem
750 2089 947 2159 ipsum.
976 2089 1158 2141 Hsan.

632 2188 654 2223 1
674 2187 723 2221 1.
766 2170 1085 2237 Atmpatene.
1118 2165 1466 2238 subintellige
1501 2185 1567 2219 ex

544 2247 943 2318 superioribus,
972 2247 1240 2300 Armenias
1262 2247 1452 2318 majori
1475 2265 1568 2299 co·

544 2329 729 2398 pulstu
736 2347 779 2390 r,
796 2345 827 2379 a
841 2328 993 2398 cujus
1006 2337 1157 2397 parte
1172 2326 1438 2391 orientali,
1450 2343 1571 2396 qun

546 2407 720 2460 Otene
761 2419 1003 2470 vocatur,
1050 2404 1163 2458 solo
1204 2423 1359 2457 amne
1387 2400 1571 2458 'Araxe

547 2485 881 2558 dispescitur.
909 2473 1079 2542 (ὶτηνὴ
1102 2483 1365 2544 Eusebio,
1398 2485 1573 2556 Praep.

548 2566 649 2620 lib.
672 2565 773 2630 VI,
796 2583 920 2635 pag.
950 2583 1081 2634 ²77·
1110 2561 1384 2629 Quadrato
1412 2563 1538 2616 item
1555 2603 1572 2630 ,

548 2644 729 2698 Parth.
744 2644 839 2697 lib.
854 2644 911 2696 11
937 2655 991 2696 et
1010 2645 1121 2708 111,
1145 2640 1288 2713 apud
1317 2643 1574 2713 stephan.

548 2726 716 2778 verbo
756 2711 945 2780 ὸτηνῆ.
986 2720 1156 2793 Apud
1224 2721 1574 2775 Ptolemaeum

548 2821 827 2876 perperam
854 2803 1110 2874 scriptum
1134 2803 1374 2865 Μωτηνὴ,
1396 2813 1450 2854 et
1477 2802 1577 2854 To-

550 2896 672 2935 eene.
688 2884 1013 2954 Atropatene
1028 2899 1158 2933 vero
1177 2916 1194 2943 ‚
1215 2871 1545 2950 Ᾰτροπατηνῆ
1557 2918 1575 2945 ,

551 2961 746 3016 Medio
762 2961 911 3033 regio
938 2972 1033 3026 est,
1053 2961 1123 3012 ab
1146 2958 1411 3030 Atropato
1438 2959 1576 3013 duce

550 3041 946 3113 cognominata,
961 3039 1141 3111 quine
1163 3057 1357 3110 parsea
1378 3039 1436 3092 in
1456 3039 1575 3092 Ma-

550 3119 815 3176 cedonum
846 3131 1157 3192 potestatem
1181 3117 1386 3171 veniret
1406 3157 1422 3184 ,
1450 3118 1576 3171 Ale·

552 3198 762 3254 xandro
795 3211 1038 3264 mortuo,
1076 3209 1189 3250 arte
1230 3195 1575 3251 effecit.Vide

552 3281 800 3333 Strabon.
823 3278 919 3330 lib.
950 3279 1048 3342 xl,
1072 3296 1193 3348 pag.
1222 3275 1356 3344 522,
1388 3290 1442 3330 et
1466 3277 1577 3330 Ste-

552 3361 715 3432 phon.
732 3377 786 3429 p.
815 3359 943 3411 156.
974 3357 1157 3410 Hum.

644 3458 666 3492 1
683 3458 732 3491 2.
766 3437 991 3488 Discreta
1010 3437 1199 3488 Araxe.
1222 3435 1433 3500 Strabo,
1452 3453 1575 3508 pag.

556 3515 700 3572 523:
724 3521 809 3570 τοῦ
834 3509 1020 3589 Ᾰράξου
1037 3521 1267 3586 ποταμοῦ
1288 3521 1371 3569 τοῦ
1397 3517 1577 3586 ὁρίζον-

554 3618 639 3660 τος
665 3596 754 3653 τήν
775 3616 830 3649 τι
852 3587 1094 3667 Ᾰρμενίαν
1120 3594 1204 3648 καὶ
1237 3596 1325 3652 τὴν
1344 3587 1579 3668 Arpano·-

556 3677 722 3734 τηνήν.
745 3676 1028 3728 Ptolemaeo
1056 3673 1316 3727 mendose
1333 3714 1350 3739 ,
1382 3681 1579 3745 Τροπα-

556 3757 709 3822 mvii,
735 3755 830 3808 lib.
856 3757 930 3819 V,
964 3773 1083 3826 cap.
1115 3773 1169 3807 2.
1202 3753 1341 3808 Huic
1368 3754 1576 3826 regioni

552 3852 676 3908 quoe
702 3852 848 3888 nunc
868 3833 1072 3887 Persici
1104 3832 1314 3904 imperii
1352 3833 1577 3904 provin-

555 3915 643 3968 cia
675 3927 784 3979 est,
815 3933 1007 3967 nomen
1036 3925 1117 3966 est
1151 3911 1473 3983 Ades-bidjan.
1506 3914 1575 3967 H.

556 4007 613 4046 et
644 3993 748 4047 En.

642 4073 736 4126 13.
774 4063 1018 4144 Oppidum
1056 4073 1173 4142 ejus.
1214 4077 1335 4126 Non
1381 4073 1579 4125 Otenes

1643 1297 1877 1367 regionis
1894 1296 2163 1349 Armenio
2179 1338 2196 1362 ,
2217 1309 2280 1349 ut
2305 1295 2482 1349 visum
2513 1297 2681 1350 Orte-

1642 1377 1716 1429 lio
1732 1414 1749 1441 ,
1782 1373 1876 1429 sed
1922 1377 2276 1447 Atropatenes
2313 1374 2516 1430 Media
2539 1393 2558 1430 ε
2611 1387 2684 1428 ιιι

1641 1455 1758 1526 ips·
1789 1454 2047 1509 orationis
2079 1467 2350 1508 structm
2383 1454 2646 1508 admones
2663 1493 2684 1520 ‚

1642 1547 1804 1606 atque
1830 1535 1942 1606 ipse
1989 1534 2145 1588 etiam
2191 1535 2382 1589 Strabo
2425 1535 2524 1588 lib.
2565 1536 2686 1600 11,

1643 1633 1762 1686 pag.
1795 1612 1928 1680 523,
1959 1614 2048 1666 cui
2083 1614 2199 1667 hnc
2215 1613 2362 1675 Γάζα.
2388 1615 2688 1685 Atropate-

1645 1713 1740 1748 nes
1759 1693 2024 1758 βασίλειον,
2035 1711 2126 1746 seu
2137 1693 2300 1764 Regia
2315 1691 2536 1746 dicitur.
2548 1693 2690 1746 Por-

1650 1793 1716 1826 ro
1745 1773 1901 1826 Gaza
1926 1790 2126 1826 nomeu
2154 1769 2360 1842 oppido
2382 1772 2570 1826 Parthi
2581 1770 2690 1825 im-

1647 1853 1948 1923 ponebant,
1969 1853 2027 1905 in
2053 1870 2164 1922 quo
2189 1850 2318 1904 belli
2347 1870 2481 1923 opes
2509 1863 2565 1904 et
2591 1869 2692 1924 pe·

1647 1933 1862 1985 cuniam
1875 1933 2074 1985 vellent
2085 1930 2362 1985 asservari.
2381 1931 2690 1985 NsmGaza

1649 2011 1879 2082 pecunia
1899 2011 2042 2082 regia
2059 2023 2140 2064 est
2161 2009 2344 2081 lingua
2371 2011 2688 2075 Persarum,

1654 2101 1786 2143 teste
1817 2090 2023 2156 Curtio,
2047 2091 2146 2142 lib.
2171 2090 2276 2143 111.
2301 2087 2455 2143 Hanc
2487 2090 2688 2144 urbem

1658 2167 1869 2222 Ganzak
1885 2171 2188 2222 etiamnunc
2211 2168 2452 2222 Armenii
2468 2182 2694 2234 vocant,

1661 2249 1838 2300 Tebn'z
1861 2249 2134 2320 appellant
2149 2247 2338 2301 incole
2364 2261 2480 2318 aut,
2505 2262 2568 2303 ut
2581 2268 2696 2302 nos

1655 2325 1900 2390 dicimus,
1933 2329 2127 2381 Tauris.
2149 2329 2218 2380 H.
2245 2339 2302 2380 et
2329 2329 2435 2380 En.

1745 2413 1834 2471 ¹⁴·
1866 2407 1952 2462 Ab
1995 2409 2259 2460 Artaxatis
2301 2407 2555 2460 CCCCL.
2597 2409 2696 2460 Ab

1657 2487 1830 2540 Araxe
1847 2525 1863 2552 ,
1884 2485 1972 2540 cui
1993 2489 2244 2540 Artaxata
2271 2486 2520 2558 imposita
2539 2501 2696 2548 sunt.

1657 2565 1840 2620 stadiis
1865 2567 1950 2621 bis
1983 2566 2073 2619 ille
2104 2583 2234 2620 cccc
2254 2563 2458 2618 distare
2489 2567 2700 2620 Strabo

1657 2645 1916 2712 affirmat,
1934 2646 2056 2699 loco
2073 2647 2236 2699 citato
2251 2684 2271 2711 ‚
2291 2645 2400 2698 hoc
2420 2658 2501 2698 est
2523 2685 2541 2710 ,
2567 2665 2701 2716 pu-

1661 2743 1816 2778 sunm
1847 2723 2121 2779 dumtaxat
2145 2725 2394 2778 trecentis
2423 2725 2696 2779 millibus.

1739 2805 1922 2858 xvn.
1951 2825 2004 2859 1.
2031 2805 2306 2858 Ecbatana.
2327 2803 2453 2856 Non
2481 2803 2700 2870 Calin,

1659 2896 1724 2937 ut
1752 2883 1972 2955 quidam
2008 2884 2233 2949 volunt,
2259 2883 2354 2938 sed
2390 2883 2698 2948 Han-adan,

1659 2975 1722 3016 ut
1758 2975 1973 3016 censent
2008 2965 2318 3016 nunnus
2355 2975 2410 3016 et
2433 2961 2698 3017 Manne-

1661 3055 1765 3096 tus.
1778 3043 1981 3097 Grecis
2000 3041 2068 3097 τὰ
2082 3040 2376 3096 Mirum.
2387 3041 2512 3094 Fuit
2527 3042 2700 3096 etiam

1658 3121 1930 3176 Ecbatana
1982 3122 2184 3176 montis
2225 3139 2424 3174 nomen
2445 3159 2466 3186 ‚
2516 3122 2696 3176 multo

1661 3201 1792 3255 citra
1809 3199 2071 3273 oppidum
2087 3199 2232 3254 istud
2251 3218 2268 3254 τ
2288 3219 2400 3272 quo
2427 3199 2488 3253 in
2509 3213 2698 3255 monte

1657 3285 1820 3351 posita
1847 3280 1948 3334 fuit
1975 3284 2137 3352 nages
2167 3284 2336 3333 cic-im
2375 3293 2512 3334 tnnc
2533 3278 2701 3335 ditio-

1665 3360 1746 3412 nis
1771 3361 2050 3427 Medorum,
2080 3371 2314 3432 quatuor
2333 3372 2540 3413 tantum
2575 3358 2700 3413 die-

1661 3459 1785 3493 rum
1813 3441 2006 3494 itinere
2029 3439 2229 3494 distans
2255 3457 2286 3491 a
2313 3440 2530 3493 civitate
2542 3439 2704 3492 Nini-

1665 3537 1764 3571 ve:
1791 3517 1938 3574 unde
1963 3532 2083 3594 post
2115 3517 2420 3572 triduanam
2457 3519 2700 3591 quietem

1663 3597 1834 3653 redux
1863 3613 1996 3653 esset
2013 3599 2212 3653 Tobiss
2231 3600 2420 3669 junior
2447 3599 2704 3652 nudati-o

1663 3678 1764 3744 die,
1787 3679 1928 3732 Tob.
1944 3679 2018 3742 V,
2048 3679 2104 3742 8,
2128 3691 2184 3732 et
2211 3679 2310 3742 xl,
2342 3695 2390 3730 ι.
2419 3677 2562 3732 H.et
2589 3677 2701 3732 Eu.

1747 3778 1802 3812 2.
1829 3758 2070 3812 Seleucus.
2087 3759 2142 3810 Is
2163 3758 2258 3830 qui
2280 3761 2524 3819 Σέλευκος
2539 3760 2703 3812 Νικέ-

1663 3859 1762 3909 τυρ
1790 3849 1871 3892 est
1909 3837 2348 3909 cognominatus,
2383 3837 2596 3909 primus
2613 3855 2704 3890 re·

1665 3935 1794 3988 gum
1819 3917 1986 3988 Syrie
2001 3936 2015 3969 t
2033 3915 2242 3970 tametsi
2261 3929 2455 3970 auctm-
2471 3917 2706 3970 estCha·

1667 4015 1786 4062 rex,
1803 3995 1951 4067 apud
1979 3996 2314 4067 Stephanum
2337 3997 2508 4049 verbo
2525 3987 2702 4064 Ᾰγΰᾶ-

1668 4096 1824 4144 τινα,
1855 4076 2230 4149 Epiphaneam
2257 4090 2508 4130 vocatam
2529 4075 2700 4130 Ecba-
