2950 5017
633 494 770 565 272

1167 472 1244 539 C.
1298 470 1643 541 PLINII
1694 468 1920 543 NAT.
1973 473 2229 543 HIST.

629 622 846 675 suum.
901 603 1192 673 Therme
1214 604 1261 673 ⁷.
1313 606 1398 673 In
1459 606 1859 675 Thermaico
1924 608 2073 675 sinu
2126 598 2379 701 oppida
2400 660 2423 697 ‚
2470 596 2719 679 Dicaea⁸
2740 660 2767 693 ‚

628 712 896 805 Pydna,
939 710 1242 797 Derrha‚
1291 709 1599 779 Scione&
1643 712 2185 781 Promontorium
2228 714 2739 784 Canastraeum¹⁹

628 816 959 912 Oppida:
1002 814 1270 885 Pallene
1285 868 1305 903 ‚
1353 815 1710 909 Phlegra¹¹

627 923 1074 1017 Hypsizorus‚
1127 923 1366 1016 Epitus
1388 976 1409 1010 ,
1463 872 1875 1017 Halcyone¹³
1890 976 1910 1011 ‚
1960 912 2388 994 Leoomne¹⁴

627 1156 746 1225 ipso
790 1155 1034 1207 locorum
1070 1153 1194 1205 situ.
1241 1152 1655 1213 Emendandum

629 1234 760 1299 fuit,
787 1250 1032 1287 ccnxvn.
1069 1234 1223 1285 Hanc
1249 1234 1394 1285 enim
1424 1251 1535 1285 esse
1570 1234 1655 1287 di-

628 1312 872 1367 stantiam
891 1314 1032 1365 inter
1043 1311 1400 1382 Dyrrachium
1421 1324 1474 1365 et
1492 1314 1659 1365 Thes·

629 1392 912 1445 salonicam
926 1390 1084 1443 docet
1097 1390 1520 1444 accuratissimus
1532 1392 1659 1445 scri-

629 1482 757 1542 ptor
799 1470 1056 1542 Polybius
1101 1468 1245 1540 apud
1299 1470 1657 1537 Strabonem3

626 1552 728 1605 lib.
751 1552 893 1615 vn,
923 1570 979 1621 p.
1013 1548 1140 1602 323.
1173 1547 1236 1601 Id
1265 1550 1424 1601 etiam
1449 1562 1657 1603 constat

627 1630 942 1685 auctoritate
967 1628 1133 1700 ipsius
1169 1628 1329 1681 Plinii
1359 1628 1501 1681 infra
1538 1646 1655 1700 cap.

636 1712 705 1763 18
727 1749 744 1775 ,
769 1710 864 1763 ubi
895 1708 1348 1761 consentientibus
1369 1708 1581 1779 scriptis
1608 1721 1659 1762 et

631 1788 788 1843 editis
817 1788 970 1841 libris
1000 1805 1015 1839 ε
1050 1788 1272 1857 Philippa·
1307 1788 1498 1839 colonia
1518 1808 1538 1841 .·
1570 1789 1659 1840 ab·

628 1882 744 1922 sune
781 1889 816 1920 a
856 1867 1134 1930 Dyrrachio
1181 1866 1450 1920 CCCXX
1451 1868 1510 1918 V
1538 1869 1657 1922 mut.

622 1968 760 2019 pass.
785 1973 808 1995 a·
847 1948 936 2001 Sic
970 1945 1274 2011 Broterius3
1307 1964 1408 1999 nos
1438 1958 1617 2000 autem
1640 1970 1659 2008 ⁴‚

629 2046 797 2100 quum
821 2025 1293 2080 animadvertimus
1309 2041 1373 2077 ex
1393 2027 1662 2096 probatis·

632 2108 781 2161 simis
798 2108 1006 2176 mappis
1022 2144 1038 2170 ,
1065 2117 1216 2157 recto
1237 2103 1454 2175 quidem
1475 2124 1655 2168 cursu,

631 2206 754 2241 cerv
779 2204 846 2240 ιι.
869 2204 1010 2256 pass.
1039 2202 1154 2239 esse
1181 2184 1322 2236 inter
1359 2185 1519 2237 urbes
1545 2186 1659 2237 Du-

633 2286 783 2319 ωηο
812 2279 865 2318 et
889 2264 1112 2317 Salonike·
1139 2263 1509 2328 intervallum,
1534 2282 1659 2318 ccxv

628 2366 732 2418 pro
757 2364 882 2397 cuv
903 2342 1190 2413 legendum
1215 2360 1327 2395 esse
1353 2361 1470 2396 non
1506 2342 1661 2397 dubi-

629 2440 832 2488 tamus,
861 2422 1007 2495 quod
1043 2435 1219 2476 tamen
1254 2440 1519 2493 reponere
1546 2441 1659 2476 non

629 2505 747 2559 ausi
798 2520 983 2557 sumus
1003 2540 1020 2566 ,
1071 2502 1224 2553 libris
1289 2501 1547 2555 omnibus
1600 2502 1658 2554 iu

628 2602 758 2638 cxxv
790 2582 1262 2636 consentientibus.
1289 2582 1392 2633 En.

713 2682 765 2734 7²
835 2664 886 2714 T
879 2663 1054 2715 herme.
1117 2664 1288 2731 Θέρμῃ
1345 2660 1615 2731 Stephano
1639 2700 1655 2726 ,

627 2742 774 2797 unde
799 2741 1118 2795 Thermaico
1147 2738 1288 2793 sinui
1317 2757 1534 2792 nomen.
1562 2740 1653 2793 Ab

628 2822 728 2875 hac
756 2819 1052 2875 transducti
1087 2819 1226 2872 cives
1255 2819 1403 2871 fuere
1429 2820 1656 2871 Thessa-

628 2901 888 2963 lonicam,
935 2898 1080 2952 unde
1107 2918 1137 2951 a
1175 2896 1499 2969 quibusdam
1540 2898 1655 2969 ipsa

629 2981 865 3034 Therme
892 2979 1264 3032 Thessalonica
1287 2978 1485 3030 credita
1500 3014 1518 3042 .,
1544 2992 1604 3031 ut
1626 2992 1654 3031 a

632 3061 892 3115 Strabone
909 3098 924 3124 ,
955 3060 1010 3111 in
1038 3057 1348 3128 Excerptis‚
1374 3076 1498 3129 pag.
1526 3056 1653 3112 330.

631 3142 872 3193 thetzes
915 3136 1146 3192 Chiliad.
1186 3156 1285 3201 ιο,
1325 3154 1460 3189 vers.
1511 3136 1654 3206 175,

629 3219 810 3273 vicum
857 3219 1018 3271 fuisse
1049 3217 1320 3269 Thermeu
1363 3228 1549 3288 putat,
1590 3231 1655 3269 ex

631 3316 740 3370 quo
772 3296 968 3351 deinde
993 3296 1368 3350 Thessalonica
1409 3294 1652 3348 creverit.

631 3378 820 3432 Ham).

714 3463 766 3514 8.
787 3459 962 3511 choea
979 3494 994 3521 ,
1025 3455 1220 3512 Pydna.
1245 3456 1310 3506 In
1337 3454 1496 3506 MSS.
1524 3472 1653 3525 pro·

631 3538 773 3591 xime
798 3537 1105 3608 appellatis,
1133 3532 1473 3604 Diceapadc'na
1491 3546 1509 3581 .·
1534 3552 1654 3604 quo

631 3616 944 3670 Hermolaus
973 3616 1028 3667 in
1063 3614 1268 3675 Dicaea,
1301 3613 1483 3675 Pydna
1522 3630 1653 3666 con-

631 3697 805 3750 vertit.
831 3698 1038 3749 Verum
1075 3706 1196 3746 utut
1236 3706 1314 3745 est
1344 3690 1412 3745 de
1434 3692 1650 3757 Dicaea,

630 3776 811 3829 locum
831 3776 921 3828 hic
949 3775 1146 3827 habere
1167 3780 1310 3826 certe
1333 3770 1520 3842 Pydna
1540 3778 1655 3826 n'on

631 3868 838 3925 potest,
867 3872 1028 3927 quam
1051 3852 1240 3924 procul
1268 3871 1296 3904 a
1329 3852 1654 3905 Thermaico

631 3935 752 3987 sinu
787 3935 842 3987 in
873 3934 1044 3987 Pieria
1080 3929 1407 3985 Macedonio
1433 3934 1653 4021 regione

631 4014 783 4066 sitam
829 4030 938 4067 esse
985 4012 1230 4083 superius
1269 4001 1536 4077 vidimus,
1586 4030 1651 4065 ex

631 4093 922 4147 Ptole-maio
945 4092 1272 4161 caterisque.
1297 4091 1481 4145 ΗΑιιι).

1720 818 1941 906 ,Qua
1984 820 2055 885 in
2096 814 2411 956 regione¹
2418 817 2763 907 ’monteS‚

2440 926 2691 1021 Oppida
2740 952 2763 993 x

1829 1174 1883 1224 9.
1950 1154 2149 1208 Deru-lua
2172 1196 2187 1218 ‚
2252 1155 2446 1211 Scione.
2512 1158 2591 1210 Ita
2644 1156 2769 1209 libri

1746 1252 1965 1300 omnes,
1999 1246 2213 1305 prater.
2238 1237 2350 1289 Vet
2398 1256 2484 1307 ap.
2506 1236 2676 1289 Dalee.
2706 1238 2770 1289 in

1746 1329 1857 1383 quo
1880 1314 2073 1383 legitur
2095 1314 2274 1379 Deris,
2298 1332 2402 1386 pro
2426 1315 2633 1368 Der-rh«.
2655 1316 2770 1367 En.

1744 1396 1829 1429 -'-
1847 1393 1913 1445 In
1941 1392 2147 1447 Notitia
2168 1396 2371 1448 Eccles.
2401 1396 2557 1448 Prov.
2584 1396 2768 1467 primax

1745 1470 2108 1537 Macedonia,
2138 1492 2261 1544 pag.
2303 1492 2370 1528 ιιι
2388 1512 2405 1537 ,
2436 1475 2604 1545 Σιρῥαὶ
2623 1512 2640 1539 ,
2664 1492 2767 1543 pro

1747 1552 1939 1623 Δεῤῥαὶ.
1980 1552 2177 1607 Incola·
2211 1552 2356 1623 apud
2384 1552 2631 1625 Thucyd.
2671 1553 2767 1606 lib.

1747 1632 1833 1695 11,
1859 1648 1980 1701 pag.
2015 1636 2157 1700 169,
2189 1636 2433 1702 Δερσαῖοι.
2466 1633 2623 1685 Forte
2660 1631 2769 1685 huc

1750 1710 1985 1780 pertinet
2006 1723 2059 1764 et
2085 1713 2515 1781 promontorium
2536 1710 2767 1783 ejusdem

1746 1790 2011 1853 nominis,
2050 1789 2199 1861 quod
2238 1807 2411 1862 prope
2460 1792 2730 1843 Tor-onem
2750 1829 2769 1854 ,

1747 1880 1803 1920 et
1830 1868 2190 1923 Canastraeum
2224 1888 2255 1922 a
2281 1870 2566 1923 Ptolemoeo
2602 1870 2768 1923 collo-

1746 1960 1935 2009 catur,
1982 1948 2076 2000 lib.
2116 1950 2233 2012 111,
2282 1968 2404 2021 cap.
2451 1950 2549 2011 13,
2600 1950 2763 2019 Δερῥὶς

1749 2026 1897 2095 ἄκρα.
1913 2028 1993 2079 De
2012 2028 2203 2081 Scione
2219 2030 2275 2081 in
2290 2030 2397 2081 hoc
2416 2042 2581 2083 tractu
2602 2030 2762 2091 Mela,

1744 2106 1843 2159 lib.
1872 2108 1959 2171 11,
1986 2126 2101 2178 cap.
2132 2130 2184 2161 a.
2226 2108 2415 2165 Σκιώνη
2444 2128 2475 2162 a
2504 2108 2767 2179 Stephano

1746 2185 1987 2239 Thracio
2036 2185 2345 2257 adsignatur
2362 2227 2381 2254 ‚
2428 2186 2765 2259 quemadmo-

1746 2262 1877 2317 dum
1911 2278 1965 2317 et
2003 2265 2115 2337 ipsa
2142 2268 2413 2333 Therme,
2455 2280 2509 2320 et
2532 2268 2768 2331 Pallene,

1746 2342 1815 2395 de
1855 2362 1962 2415 qua
2002 2350 2141 2398 mox·
2159 2364 2174 2398 :
2218 2344 2368 2417 quod
2416 2365 2477 2400 ea
2518 2349 2631 2401 loca
2674 2345 2767 2399 diu

1746 2422 1981 2479 'I'hraces
2026 2426 2319 2479 tenuerint.
2368 2428 2431 2479 In
2476 2426 2762 2479 Pallenensi

1745 2502 1985 2569 Isthmo,
2020 2522 2149 2557 cum
2181 2503 2419 2558 Potidaea
2462 2506 2654 2559 Scione
2686 2505 2764 2558 lo-

1746 2594 1897 2635 catur
1942 2602 1973 2636 a
2026 2582 2277 2654 Thucyd.
2334 2584 2432 2637 lib.
2490 2586 2603 2651 IV,
2649 2603 2763 2657 pag.

1748 2659 1884 2725 3³4.
1914 2663 2095 2715 Hum-

1834 2760 1857 2794 1
1870 2760 1921 2793 o.
1938 2741 2288 2795 Cenasti-ceum.
2298 2744 2613 2813 nuniz-pam
2628 2746 2763 2815 ἄκρον

1743 2818 2065 2887 Ριοίοιιιωο,
2096 2822 2199 2875 loc.
2232 2824 2323 2875 cit.
2352 2835 2407 2875 et
2433 2823 2635 2877 Herod.
2674 2825 2763 2877 lib.

1743 2900 1889 2964 Vll,
1915 2920 2064 2953 num.
2102 2903 2232 2955 123.
2270 2902 2457 2956 Hsnn.
2494 2934 2567 2946 —-
2596 2902 2763 2956 Hodie

1746 2978 2039 3031 Canom'stro
2057 2992 2271 3033 auctore
2294 2980 2611 3035 n'Anvuu
2624 3018 2641 3045 ‚
2664 2996 2765 3047 aut,

1742 3070 1803 3110 ut
1832 3059 1887 3111 in
1930 3060 2315 3112 recentioribus
2341 3064 2585 3133 mappis,
2622 3063 2761 3115 Pail-

1745 3138 1889 3190 [σευ-ἱ.
1918 3140 2021 3191 En.

1832 3234 1855 3269 1
1872 3236 1894 3269 1
1905 3256 1919 3269 .
1937 3218 2141 3271 Pallene
2153 3259 2170 3285 ,
2196 3220 2429 3289 Phlegra.
2446 3221 2511 3273 In
2534 3221 2764 3292 Phlegra

1740 3294 1921 3349 locum
1953 3298 2167 3351 Pallene
2207 3301 2456 3353 successit
2490 3320 2503 3353 :
2548 3320 2707 3373 quare
2733 3318 2763 3353 a

1742 3376 1926 3428 multis
1962 3395 2063 3448 pro
2094 3376 2279 3430 eadem
2320 3378 2524 3433 hahita.
2570 3378 2761 3434 Herod

1743 3453 1953 3528 Polym.
1992 3456 2087 3509 lib.
2130 3458 2273 3523 vn,
2314 3476 2463 3511 num.
2502 3460 2653 3513 ιιι3.
2678 3469 2756 3517 τὴν

1741 3539 1821 3587 νῦν
1864 3536 2156 3601 Παλλήνην,
2188 3540 2421 3607 πρότερον
2467 3534 2527 3591 δὲ
2558 3543 2759 3611 Φλέγρην

1742 3618 2060 3685 adrapinam.
2104 3614 2305 3669 Eadem
2352 3618 2517 3671 habet
2560 3632 2617 3673 et
2656 3620 2762 3672 Ste-

1742 3694 1971 3764 phanus.
1999 3694 2184 3749 Hum.

1830 3790 1919 3827 ια.
1948 3776 2062 3844 Qua
2084 3780 2134 3827 in
2164 3777 2375 3843 regione.
2406 3776 2473 3829 In
2502 3796 2601 3831 ora
2625 3778 2759 3833 sinus

1741 3850 2095 3907 Macedonici.
2126 3856 2311 3907 ΗΑιιι).

1830 3934 1919 3986 ι3.
1954 3932 2227 3997 Halcyone.
2270 3934 2650 4008 Dalecampius
2677 3936 2759 3989 dat

1741 4012 2001 4067 Alclu‘om.
2021 4014 2127 4066 En.

1827 4098 1915 4155 14.
1940 4092 2191 4147 Leoomne.
2223 4094 2342 4147 Dal.
2376 4096 2630 4149 laeseram.
2658 4095 2753 4147 En.
