2950 5017
1146 425 1452 494 LIBER
1509 425 1638 492 vl.

2297 423 2442 522 671

320 557 425 626 dri
466 557 538 624 in
582 553 827 624 finibus
876 557 1089 650 gentis
1108 607 1129 642 ,
1168 553 1509 648 Argenus⁷
1557 566 1758 648 portu
1809 551 2079 624 salubri.
2133 545 2454 627 Flumen⁸

318 661 659 732 Tuberum
680 660 1083 755 navigabile,
1098 659 1309 732 circa⁹
1323 659 1506 754 quod
1526 662 1785 730 Pasirae.
1800 657 2450 758 Deinde'⁰1chthyo-
2489 691 2521 743 3

315 769 522 863 phagi
550 783 687 836 tam
724 765 927 862 longo
960 782 1209 852 tractu,
1252 780 1329 836 ut
1378 791 1473 836 xx
1494 765 1539 790 ¹¹
1569 766 1827 836 dierum
1862 768 2078 862 spatio
2121 772 2448 862 praenavi-

320 875 643 970 gaveiint.
670 872 934 959 Insula,
959 899 1107 969 quae
1136 867 1357 943 Solis¹²
1382 871 1792 968 appellatur,
1819 887 1888 944 et
1909 873 2140 942 eadem
2167 874 2386 946 cubile
2405 861 2454 901 ¹³

317 979 784 1076 Nympharum
801 1031 821 1064 ,
836 980 1111 1066 rubens,
1134 981 1202 1048 in
1219 1001 1353 1074 qua
1375 978 1631 1050 nullum
1649 1003 1788 1049 non
1803 978 2044 1051 animal
2063 979 2458 1068 absumitur,

315 1087 589 1158 incertis
610 1075 657 1120 ¹⁴
700 1088 935 1156 causis.
971 1087 1097 1156 Ori
1112 1071 1159 1112 ¹⁵
1193 1109 1391 1182 gens:
1424 1085 1676 1156 flumen
1709 1087 2080 1158 Carmaniae
2115 1073 2460 1182 Hytanis,¹⁶

316 1235 446 1272 nam
498 1235 561 1270 ea
609 1215 708 1282 sit,
746 1214 1034 1270 docuimus
1070 1215 1349 1287 supa-iore

318 1296 500 1366 capite
530 1313 545 1349 :
576 1293 735 1350 docet
772 1307 828 1349 et
874 1295 1177 1350 Ammianus
1194 1333 1211 1360 ‚
1247 1295 1345 1348 lib.

318 1375 542 1441 XXIII,
564 1393 681 1446 pag.
716 1375 847 1445 259.
881 1375 1065 1429 Ham.

401 1473 458 1524 7.
492 1457 721 1525 Argeum
742 1465 891 1526 portu
928 1453 1129 1509 salah-i.
1162 1453 1349 1508 Chiffl.

319 1535 551 1606 Argeum
559 1545 728 1606 portus
743 1533 971 1586 salubris.
984 1535 1091 1588 En.
1104 1565 1185 1576 —
1198 1534 1349 1586 Voce

315 1613 420 1667 hac
444 1612 675 1684 Argeum
691 1647 709 1675 ,
738 1631 847 1666 non
868 1613 1039 1685 gentis
1054 1651 1071 1680 ,
1102 1609 1195 1666 sed
1221 1631 1348 1684 por·

316 1707 407 1746 tus
425 1711 627 1746 nomen
652 1693 989 1758 continetur,
1017 1692 1110 1747 uhi
1133 1691 1348 1745 condita

320 1771 639 1826 Alexandria
654 1812 669 1838 ,
728 1769 881 1843 quod
912 1783 1057 1825 tutus
1094 1770 1170 1824 ibi
1210 1771 1350 1825 foret

317 1853 537 1906 navium
564 1864 821 1922 receptus.
855 1851 1078 1916 Gentis,
1110 1853 1264 1920 cujus
1288 1853 1345 1903 in

317 1931 518 1984 finibus
536 1931 581 1984 is
598 1931 727 1992 fuit,
767 1928 1029 1984 Indorum
1052 1931 1347 1983 maritimo-

316 2029 441 2064 rum
465 2028 665 2064 nomen
680 2045 696 2073 ,
716 2023 777 2064 ut
794 2029 857 2062 ex
884 2011 1067 2064 Curtio
1092 2009 1344 2062 diximus.

317 2091 515 2145 Portus
532 2091 701 2161 ipsius
718 2128 735 2154 ,
766 2101 858 2142 ant
879 2101 1021 2143 certe
1046 2090 1151 2142 loci
1174 2089 1347 2142 maxi-

318 2187 407 2222 me
418 2169 633 2222 finitimi
643 2169 929 2241 ,Βαγίσαρα
938 2208 956 2235 ,
971 2181 1103 2223 teate
1117 2169 1347 2222 Asa-iano

316 2251 374 2302 in
402 2248 635 2314 Indicis,
664 2266 787 2320 pag.
814 2248 951 2316 559,
982 2267 1013 2302 a
1050 2265 1188 2320 pago
1217 2249 1347 2301 Par·

316 2329 437 2382 airis
450 2329 717 2401 appellato
734 2365 749 2386 ‚
776 2325 846 2380 de
865 2347 973 2399 qno
986 2347 1139 2393 mox,
1167 2325 1349 2381 stadiis

318 2428 407 2462 Lx.
436 2409 765 2479 Καταίρουσιν
802 2409 852 2467 ἐς
884 2409 1163 2479 Βαγίσαρα·
1202 2407 1346 2478 λιμήν

316 2490 376 2541 τί
430 2490 531 2549 lew
581 2489 746 2541 αὐτόθι
790 2487 1019 2558 ιῦορμος,
1066 2486 1151 2540 καὶ
1204 2487 1346 2558 κώμη

316 2567 543 2638 Πασιρὰ,
567 2567 829 2636 ἀπέχουσα
845 2569 946 2620 ἀπὸ
966 2567 1217 2628 θαλάσσης
1245 2565 1351 2630 {Evi-

316 2665 476 2700 κοντα
514 2641 741 2708 tedium.
787 2645 1132 2710 Ariolmtur,
1170 2645 1263 2717 qui
1296 2650 1350 2698 in

304 2725 494 2796 finibus
512 2729 671 2796 gentis
695 2726 903 2778 Aram
929 2726 1141 2796 legunt,
1167 2723 1351 2779 invitis

321 2803 483 2859 codd.
508 2806 697 2859 Ham).

402 2887 458 2940 8.
489 2885 697 2937 Flumen
730 2883 987 2936 Tabes-um.
1021 2883 1087 2936 In
1110 2883 1239 2955 Reg.
1278 2901 1303 2938 ι
1332 2919 1350 2949 ,

317 2964 479 3020 colb.
502 2983 529 3019 ι
553 2976 609 3018 et
628 2984 658 3017 a
678 3001 695 3024 ..
724 2965 1027 3015 Tor-mersura.
1041 2963 1105 3015 In
1130 2963 1259 3034 Reg.
1286 2982 1316 3016 a
1332 3001 1351 3026 ‚

320 3055 377 3097 et
422 3043 611 3098 chiffl.
661 3043 943 3096 Tomberon.
986 3040 1127 3094 Illud
1168 3043 1349 3114 ipsum

316 3122 521 3177 flumen
542 3135 642 3189 eet,
671 3121 820 3194 quod
846 3139 961 3193 cap.
993 3141 1112 3194 sup.
1138 3121 1349 3194 Tonge·

316 3221 423 3256 ron
452 3203 689 3266 Plinius,
718 3202 858 3256 Mela
882 3200 1225 3254 Tuberonem
1252 3221 1351 3256 vo-

317 3282 478 3337 cavit.
520 3284 743 3352 Τόμηρος
786 3280 1019 3336 Arriano
1064 3279 1263 3335 dicitur
1292 3283 1349 3335 in

316 3362 546 3428 Indicia,
565 3380 689 3433 pag.
723 3361 867 3428 556,
892 3363 1033 3415 inter
1062 3359 1257 3414 Indum
1292 3373 1348 3415 et

318 3442 545 3495 Arabim
564 3481 581 3507 ,
606 3459 697 3495 seu
727 3441 917 3494 Arbim
939 3458 1167 3493 amnem.
1191 3441 1264 3493 Η.

402 3539 457 3590 9.
494 3521 643 3574 Circa
680 3521 811 3594 quod
832 3521 1040 3574 Pasirae.
1070 3521 1309 3591 Rumpit<
1328 3558 1347 3586 ,

318 3599 391 3653 de
426 3600 622 3672 quibua
656 3600 713 3652 in
756 3599 863 3654 fine
905 3599 1194 3670 superioria
1225 3619 1344 3671 cap.

318 3680 550 3733 Pliniani
594 3679 721 3732 libri
757 3680 1011 3734 hactenus
1049 3680 1183 3752 quod
1214 3683 1347 3732 cirea

321 3761 519 3812 Parirae
548 3759 896 3831 praetulerunt
912 3797 929 3826 ,
956 3758 1225 3813 mendose.
1250 3758 1319 3812 H.

406 3857 489 3893 to.
519 3839 711 3891 Deinde
741 3840 1111 3911 Ichthyophagi.
1154 3841 1199 3892 Δ
1237 3839 1348 3891 Tn-

322 3919 527 3972 berone
550 3937 735 3984 amne,
756 3917 827 3972 ad
846 3919 1021 3972 fauces
1047 3935 1215 3990 nsque
1237 3919 1347 3972 fere

322 3997 522 4052 Persici
564 3998 739 4064 ainus,
788 4011 902 4052 tota
951 3997 1245 4052 Carmania
1295 4011 1350 4051 et

324 4079 598 4133 Otii-rum
619 4096 713 4131 ora
742 4078 1141 4148 comprehensa.
1163 4077 1346 4132 Ham).

1521 1231 1610 1270 n.
1637 1216 1774 1270 XX.
1796 1215 2030 1270 chifflet.
2053 1217 2254 1271 XXX.
2279 1217 2392 1272 En.

1519 1312 1542 1348 1
1558 1313 1608 1348 a.
1643 1296 1844 1362 Insula,
1873 1315 1981 1368 quoe
1999 1295 2147 1350 Solis.
2188 1297 2320 1352 Haec
2347 1295 2461 1352 soli

1430 1393 1579 1429 sacra
1605 1375 1774 1430 insula
1788 1413 1806 1440 ,
1829 1393 1987 1448 qnam
2003 1375 2225 1448 proprio
2240 1377 2462 1432 nomine

1430 1457 1644 1508 Νόσαλα
1679 1455 1996 1526 appellatam
2028 1474 2140 1508 esse
2171 1469 2360 1510 auctor
2383 1471 2462 1512 est

1430 1534 1688 1587 Ain-ianus
1736 1535 1794 1587 in
1850 1533 2054 1588 Indicia
2077 1573 2098 1600 ,
2145 1551 2264 1607 pag.
2299 1538 2404 1608 569
2438 1575 2456 1603 ,

1430 1625 1620 1666 contra
1682 1613 2217 1686 Ichthyophagoi-um
2272 1614 2420 1670 littus
2437 1654 2458 1682 ,

1431 1691 1613 1746 stadiis
1635 1705 1849 1746 centum
1870 1711 1902 1746 a
1927 1693 2250 1748 continente.
2271 1693 2458 1750 Ham).

1432 1803 1510 1814 —
1524 1772 1770 1842 Sengadip
1781 1769 1944 1824 hodie
1951 1769 2091 1826 dicta
2111 1771 2338 1827 videtur.
2351 1775 2459 1830 En.

1518 1853 1605 1906 13.
1636 1851 1809 1906 Cubile
1829 1851 2182 1922 Nympharum.
2227 1852 2458 1908 Oceani-

1431 1929 1629 1985 tidnm.
1661 1927 1957 1984 Nereidum
1995 1950 2154 1984 unam
2187 1931 2276 1986 hic
2303 1931 2456 1987 habi·

1430 2021 1565 2064 tasse
1610 2009 1797 2064 scribit
1825 2008 2089 2065 Arrianus
2127 2011 2185 2065 in
2229 2010 2460 2083 Indicis,

1430 2107 1550 2164 pag.
1585 2089 1730 2160 570,
1775 2090 2100 2162 quicumque
2127 2109 2192 2144 eo
2222 2093 2458 2162 appulis-

1430 2182 1547 2222 sent
1571 2169 1782 2222 solitam
1804 2169 1862 2221 in
1889 2188 2035 2222 mare
2061 2169 2342 2240 projicere.
2367 2171 2437 2226 H.

1518 2255 1607 2312 14.
1639 2249 1843 2302 Incertis
1866 2251 2037 2302 causis.
2069 2247 2292 2304 Causam
2317 2252 2462 2307 Mela
2479 2313 2496 2327 .

1428 2328 1689 2399 suggerit,
1719 2329 1814 2381 lib.
1841 2329 1957 2391 111,
1978 2348 2092 2401 cap.
2109 2341 2142 2396 7
2159 2367 2176 2393 ,
2196 2348 2320 2402 pag.
2348 2331 2454 2403 59:

1438 2431 1463 2455 ο
1497 2407 1702 2462 Contra
1743 2405 1866 2462 Indi
1904 2409 2072 2472 ostia,
2110 2409 2318 2481 inquit,
2365 2411 2461 2466 illa

1430 2499 1559 2540 aunt
1585 2506 1706 2558 quae
1741 2500 1933 2541 vocant
1957 2487 2095 2542 Solis
2125 2481 2258 2558 (alii
2286 2490 2460 2546 insula

1431 2584 1552 2638 qnae
1581 2579 1800 2624 vocatur
1835 2563 2048 2633 Solis),
2081 2563 2217 2622 adeo
2247 2569 2460 2624 inhabi-

1431 2645 1612 2699 tabilia
1626 2686 1643 2712 ,
1677 2660 1738 2700 ut
1759 2647 2020 2718 ingressos
2045 2645 2125 2702 vis
2151 2649 2459 2702 circumfusi

1430 2725 1568 2779 aeris
1601 2726 1866 2780 exanimet
1896 2726 2193 2780 confestim.
2220 2755 2242 2776 υ
2268 2727 2451 2783 Ηιιι).

1519 2823 1544 2858 1
1557 2804 1610 2859 5.
1638 2806 1734 2858 On'
1745 2825 1881 2875 gens.
1905 2805 2166 2862 Invenere
2183 2808 2242 2862 hi
2259 2826 2459 2862 nomen

1430 2884 1500 2937 ab
1548 2873 1659 2952 δρα
1700 2885 1996 2940 Carmania
2034 2885 2270 2958 oppido,
2307 2889 2460 2959 cujus

1431 2963 1752 3018 Ptolemaeua
1766 2963 2048 3048 ⁴meminit,
2080 2964 2173 3020 lib.
2197 2967 2310 3032 vl,
2337 2984 2459 3037 cap.

1436 3045 1471 3098 8
1487 3082 1504 3109 ,
1527 3062 1637 3096 non
1668 3045 1736 3097 ab
1763 3049 1876 3114 Ωρα
1899 3044 2052 3116 cujus
2087 3045 2286 3100 mentio
2313 3043 2460 3118 apud

1432 3121 1757 3189 Arrianum,
1778 3125 1873 3177 lib.
1891 3124 1972 3176 lv
1986 3162 2003 3191 ,
2025 3123 2231 3196 Exped.
2244 3144 2302 3196 p.
2320 3124 2428 3179 305
2441 3163 2460 3191 ,

1433 3215 1498 3256 ut
1519 3215 1674 3274 putat
1711 3202 1993 3257 Salmasius
2034 3205 2092 3257 in
2137 3203 2301 3258 Solin.
2333 3223 2457 3277 pag.

1442 3285 1613 3353 1176.
1652 3281 1724 3336 Hi
1763 3283 1908 3336 enini
1951 3283 2091 3339 circa
2131 3285 2304 3339 fontes
2333 3281 2460 3340 Indi

1433 3361 1620 3432 positi,
1655 3363 1858 3434 ingenti
1906 3364 2064 3433 plane
2105 3381 2136 3417 a
2182 3363 2462 3418 Carmania

1382 3499 1393 3508 ,
1432 3453 1693 3495 terrarum
1749 3439 2148 3515 intercapedine
2208 3441 2463 3515 disjuncti

1433 3509 1554 3590 ὀροὶ
1587 3523 1837 3575 fuerunt:
1871 3539 2004 3592 quos
2028 3523 2232 3576 Plinius
2253 3524 2358 3577 hoc
2381 3523 2460 3577 lo-

1432 3619 1499 3655 co
1536 3613 1945 3666 commemorat,
1978 3601 2142 3672 ipsius
2165 3603 2462 3661 Carmania

1432 3698 1558 3751 pars
1576 3679 1722 3734 haud
1764 3679 2093 3752 aspernanda
2115 3700 2131 3733 ε
2165 3683 2231 3734 ab
2261 3682 2459 3746 Oritis,

1433 3779 1668 3832 qnorum
1681 3761 1926 3832 superius
1939 3761 2140 3815 mentio
2151 3802 2166 3826 ‚
2179 3775 2231 3815 et
2242 3763 2462 3818 nomine

1435 3853 1489 3893 et
1506 3839 1609 3892 situ
1627 3838 1834 3893 diversa
1853 3879 1870 3904 ,
1895 3851 1957 3892 ut
1977 3857 2041 3892 ex
2069 3842 2294 3896 Arriano
2315 3841 2463 3896 colli-

1473 3919 1614 3983 itnr,
1644 3918 1859 3972 lih.vn
1889 3918 2097 3990 Exped.
2120 3940 2175 3991 p.
2209 3921 2461 3986 450‚uhi

1435 3937 1579 4069 gpote
1603 4017 1705 4070 pro
1723 3981 1866 4070 ὅροις
1897 3999 2258 4056 scribendum.
2278 4001 2460 4056 Hinn.

1525 4079 1613 4130 16.
1647 4079 1882 4169 Hymni-f.
1906 4079 2201 4146 MartianO,
2227 4080 2324 4135 lib.
2349 4081 2430 4134 ‘VI
2445 4114 2463 4143 ‚
