2950 5017
622 420 767 495 138

612 581 652 626 a
688 557 937 651 Lipara
949 540 999 587 ’⁴

1132 424 1229 491 ·C.
1285 420 1630 490 PLINII
1683 422 1906 492 NAT.
1963 424 2223 491 HIST.

1038 577 1118 624 Η.
1152 566 1323 649 pass.‘
1364 554 1451 624 ad
1474 568 1784 624 exortum
1821 553 1992 624 Solis
2029 578 2340 649 vergens,
2374 553 2441 621 in
2479 576 2612 646 qua
2645 576 2768 621 re-

613 664 848 759 gnavit
883 659 1166 747 AEolus;
1218 685 1367 755 quae
1410 686 1453 729 a
1497 662 1744 756 Lipara
1793 660 2144 782 liquidiore
2189 660 2462 731 flamma
2497 672 2764 730 tantum

611 768 897 839 differt.
934 792 975 837 e
1013 766 1205 860 cujus
1248 768 1475 855 fumo,
1508 768 1781 862 quinam
1829 767 2052 837 flaturi
2089 768 2221 837 sint
2263 766 2486 853 venti3
2521 767 2592 835 in
2633 765 2766 834 tri-

612 859 883 945 duum²⁵
928 872 1289 994 praedicere
1330 871 1566 944 incolae
1605 872 1964 944 traduntur
2011 895 2028 938 ε
2074 873 2252 944 unde
2289 886 2524 941 ventos
2565 870 2772 941 AEolao

614 981 917 1076 paruisse
975 980 1439 1050 existimatum.
1513 982 1772 1069 Quarta
1827 965 2185 1074 Didyme²⁶
2202 1033 2222 1066 ‚
2267 980 2488 1047 minor
2555 1001 2764 1098 quam

620 1088 891 1183 Lipara.
912 1086 1169 1176 Quinta
1192 1088 1491 1156 Ericusa.
1523 1088 1726 1155 Sexta
1755 1085 2218 1156 Phoenicusa²⁷
2223 1140 2244 1173 ,
2263 1084 2511 1179 pabulo
2533 1086 2770 1213 proxi-

608 1216 876 1263 marum
908 1192 1173 1263 relicta.
1204 1195 1562 1263 novissima
1576 1192 1942 1287 eademque
1969 1193 2240 1262 minima
2259 1176 2767 1285 ‚Evonymosffi

610 1292 955 1369 Hactenus
992 1298 1078 1368 de
1118 1301 1336 1395 primo
1365 1302 1654 1393 Europoe
1682 1301 1850 1367 sinu.

715 1409 874 1477 XV.
908 1395 1042 1501 (x.)
1072 1408 1127 1475 A
1160 1405 1430 1475 Locris'
1456 1404 1665 1475 ltaliae
1697 1404 1884 1475 frons
1922 1404 2190 1499 incipit,
2219 1404 2472 1499 Magna
2503 1404 2773 1473 Graecia

614 1566 817 1621 bitatur
830 1586 863 1620 a
876 1566 1262 1640 quinquaginta
1273 1567 1502 1621 familiis.
1525 1566 1644 1620 Fer-

612 1657 703 1699 tur
718 1658 909 1700 nautas
936 1664 1124 1699 sereno
1150 1658 1388 1721 tempore
1406 1658 1644 1699 montem

611 1724 765 1779 illum
796 1724 984 1797 viginti
1007 1726 1247 1798 quinque
1271 1728 1546 1779 leucarum
1569 1726 1646 1776 in-

614 1804 842 1859 tervallo
874 1802 1119 1858 dissitum
1141 1807 1428 1861 observare
1454 1821 1613 1876 posse
1630 1840 1646 1869 ‚

616 1886 731 1955 ejus
760 1902 890 1937 vero
915 1882 1187 1937 flammam
1231 1882 1402 1937 multo
1434 1883 1647 1955 longius

613 1974 781 2017 noctu
796 1961 990 2017 videri.
1008 1963 1171 2028 Quod
1190 1962 1376 2036 prodit
1400 1963 1648 2015 horizon-

615 2055 724 2096 tem
751 2044 867 2114 ejus
896 2041 1157 2096 visibilem
1184 2062 1295 2096 non
1334 2061 1446 2097 esse
1474 2042 1649 2095 mino-

615 2140 731 2175 rem
743 2120 847 2175 500
860 2120 1095 2176 millibus
1109 2141 1383 2194 passuum,
1392 2142 1453 2176 ac
1465 2122 1648 2195 proin-

614 2198 686 2253 de
712 2200 1001 2254 maximam
1021 2220 1135 2255 esse
1160 2204 1274 2274 ejus
1290 2200 1647 2256 altitudinem.

612 2278 700 2333 cl.
716 2284 991 2333 Bnrnonn
1006 2320 1023 2347 ,
1046 2281 1152 2334 loc.
1174 2282 1265 2335 cit.
1282 2302 1341 2354 p.
1370 2288 1453 2347 4ο.
1472 2281 1642 2333 Βιιοτ.

686 2364 769 2423 ²4·
790 2363 841 2410 A
873 2362 1073 2429 Lipara.
1098 2362 1229 2415 Haec
1260 2359 1453 2414 iisdem*
1470 2359 1648 2414 verbis

611 2436 833 2503 Strabo,
856 2436 960 2491 loc.
978 2438 1065 2491 cit.
1090 2438 1237 2511 quod
1256 2439 1453 2492 mirum
1472 2438 1648 2492 videri

612 2514 776 2569 debet
796 2532 813 2567 ε
849 2533 974 2569 nam
1002 2538 1075 2571 xx
1100 2536 1164 2571 u.
1199 2538 1341 2590 pass.
1378 2536 1410 2572 a
1444 2519 1648 2588 Liparo

612 2594 765 2649 abest
826 2596 1109 2669 Strongyle
1132 2634 1149 2661 ,
1216 2598 1647 2671 septemtrionem

613 2676 753 2729 inter
776 2686 831 2729 et
856 2686 1037 2729 ortum
1057 2676 1199 2730 solis.
1222 2676 1332 2730 En.

688 2758 776 2807 25.
803 2758 867 2805 In
890 2758 1121 2809 triduum.
1150 2756 1287 2823 Quis
1332 2754 1487 2809 tertio
1526 2766 1648 2827 post

613 2832 703 2887 die
738 2844 929 2888 ventus
965 2836 1261 2907 spiraturus
1292 2835 1375 2889 sit.
1423 2834 1647 2897 Strabo,

612 2914 717 2967 loc.
738 2914 826 2966 cit.
858 2914 1044 2969 Eum.

689 2994 777 3045 26.
813 2994 1043 3059 Didyme.
1094 2991 1282 3064 Διῶὑμη
1300 3030 1317 3057 ,
1356 2992 1515 3065 quasi
1553 3010 1646 3064 ge·

612 3070 795 3138 mella,
850 3070 1029 3143 inquit
1074 3070 1389 3125 Harduinus
1408 3088 1426 3137 3
1468 3072 1647 3125 verius

615 3150 869 3218 fortasse,
891 3151 1048 3223 quasi
1074 3152 1205 3221 Δύμη
1225 3186 1243 3214 ,
1270 3168 1365 3204 seu
1398 3148 1649 3203 occiden-

611 3228 735 3282 talis
751 3268 769 3296 ,
790 3227 942 3299 quod
965 3228 1078 3283 sola
1100 3226 1172 3281 ad
1194 3226 1528 3281 occidentem
1553 3226 1646 3281 Li·

611 3325 757 3381 para
774 3307 875 3361 sita
906 3307 975 3360 sit
996 3324 1013 3371 3
1040 3308 1083 3360 si
1104 3318 1312 3374 tamen,
1335 3319 1396 3360 ut
1421 3306 1649 3359 Hardui-

611 3405 715 3440 nus
741 3398 795 3440 et
825 3386 1135 3441 n'Arvun
1151 3426 1168 3455 ,
1197 3387 1519 3459 quibuscum
1546 3396 1665 3458 ego·

612 3466 915 3530 consentio,
949 3467 1175 3545 volunt‚·
1200 3465 1434 3541 Didyme
1480 3469 1647 3519 Saline

612 3556 721 3610 est,
759 3564 870 3599 non
904 3549 1157 3611 Panan'a,
1192 3557 1253 3599 ut
1282 3546 1359 3599 ait
1384 3546 1646 3599 Manner-

616 3636 718 3679 tua.
747 3624 846 3678 En.
934 3672 942 3679 ,

687 3722 772 3775 27.
800 3706 1009 3755 Ericusa
1016 3742 1149 3759 .....
1177 3706 1491 3757 Phoenicusa.
1519 3702 1648 3757 Illas

610 3784 787 3834 Alie-ur
801 3793 857 3835 et
872 3785 1065 3834 Pellem·
1084 3780 1251 3837 hodie
1270 3800 1383 3836 esse
1416 3782 1494 3835 ait
1515 3780 1650 3833 Har·

612 3858 836 3928 duinus;
860 3862 1164 3916 n'Anvtnu
1202 3862 1476 3917 Ericusam
1515 3868 1647 3913 Var-

611 3959 757 4005 cusa,
780 3952 837 3995 et
853 3940 1224 3997 Phoenicusam
1244 3961 1408 4015 quam
1428 3940 1648 3994 Phoeni·

615 4018 809 4075 codem
862 4022 1103 4077 nominat
1118 4060 1135 4087 ,
1184 4026 1410 4076 Felieudi
1466 4034 1649 4085 vocat3

1733 1568 2018 1620 Mannerto
2036 1605 2054 1631 ‚
2105 1566 2201 1639 qui
2235 1569 2464 1618 Pauor-ia
2497 1564 2772 1638 Didymen

1732 1665 1846 1701 esse
1865 1658 2039 1719 putat,
2061 1646 2284 1700 Ericusa
2300 1648 2445 1697 Lisco
2464 1648 2665 1698 Bianca
2680 1657 2778 1711 est,

1733 1736 1786 1779 et
1799 1726 2116 1779 Phoenicusa
2136 1728 2357 1779 Dattolo.
2381 1724 2568 1789 Quum
2588 1736 2772 1777 autem

1731 1805 1954 1857 minime
1979 1804 2202 1858 dubium
2225 1802 2357 1856 mihi
2375 1802 2622 1857 videatur
2639 1804 2772 1876 quin

1733 1885 1965 1957 Didyme
1981 1888 2146 1939 Saline
2163 1884 2232 1938 sit
2251 1921 2267 1946 ,
2289 1883 2513 1937 Ericusa
2538 1886 2772 1935 Patiar-ia

1734 1983 1848 2019 esse
1863 1963 2025 2018 debet
2042 2000 2058 2027 ,
2084 1975 2136 2016 et
2170 1960 2490 2016 Phoenicusa
2509 1998 2528 2027 ,
2563 1974 2630 2015 ut
2658 1961 2774 2017 vult

1733 2040 2076 2105 Mannertus',
2101 2046 2324 2095 Datcolo.
2352 2040 2460 2094 En.

1809 2124 1896 2176 28.
1921 2124 2200 2175 Evonimos.
2217 2121 2498 2191 Εὐώνυμος,
2519 2120 2636 2175 hoc
2667 2130 2743 2173 est
2757 2160 2771 2182 ‚

1731 2201 1964 2265 siuistn,
1994 2199 2140 2272 quod
2167 2218 2196 2253 a
2231 2200 2422 2271 Lipara
2447 2199 2505 2252 in
2528 2199 2773 2253 Siciliam

1732 2280 2106 2353 navigantibus
2135 2279 2362 2333 maxime
2383 2288 2461 2332 est
2474 2276 2544 2333 ad
2563 2278 2774 2333 lavam.

1733 2361 1937 2414 Auctor
1947 2359 2166 2425 Strabo,
2180 2360 2284 2412 loc.
2312 2358 2398 2412 cit.
2419 2358 2604 2412 Hodie
2625 2362 2772 2411 Lisco

1735 2444 1950 2493 Bianca.
1968 2440 2156 2492 Hum.

1803 2520 1875 2571 X.
1905 2538 1950 2572 1.
1979 2526 2024 2571 A
2045 2522 2231 2572 Locris.
2253 2517 2417 2571 Unde
2435 2534 2559 2589 cap.
2592 2536 2688 2579 10,
2705 2515 2773 2571 ad

1733 2596 2106 2652 describendas
2120 2598 2318 2651 insulas
2333 2596 2556 2651 defluxit
2579 2596 2774 2659 oratio,

1731 2678 1886 2732 Italia
1929 2678 2206 2750 paulisper
2246 2676 2453 2730 relicta.
2499 2676 2669 2729 Nunc
2711 2694 2774 2728 eo

1731 2756 1892 2810 redit.
1906 2756 2178 2810 Pei-tinent
2193 2774 2323 2809 vero
2340 2754 2457 2808 hoec
2475 2754 2544 2808 ad
2559 2754 2772 2808 tertiam

1733 2836 1899 2890 Italiae
1951 2836 2243 2909 regionem.
2293 2834 2488 2907 Magna
2523 2834 2738 2888 Gracia
2757 2872 2773 2897 ,

1733 2915 1912 2989 inquit
1935 2914 2164 2979 Plinius,
2198 2914 2316 2967 haee
2344 2913 2508 2967 Italia
2540 2931 2680 2985 pars
2711 2914 2774 2966 ab

1733 2994 1819 3047 his
1844 2995 2111 3067 appellata
2127 3005 2205 3047 est
2221 3034 2237 3063 ‚
2253 3013 2283 3047 a
2307 2993 2506 3064 quibus
2519 3004 2576 3045 et
2595 2992 2776 3045 Hellas

1733 3072 1878 3127 dicta
1929 3074 2136 3127 Gracia
2177 3086 2274 3128 est.
2300 3098 2326 3118 α
2347 3072 2528 3125 Hellas
2545 3112 2566 3138 ,
2601 3071 2776 3144 inquit

1733 3152 1875 3205 libro
1905 3152 2012 3216 IV,
2049 3171 2167 3224 cap.
2202 3170 2296 3212 11,
2327 3150 2522 3205 nostris
2553 3150 2774 3229 &acia

1731 3232 2024 3305 appellata.
2043 3257 2069 3277 ι·
2088 3232 2212 3284 Haec
2232 3231 2396 3304 igitur
2417 3229 2590 3283 Italian
2617 3250 2742 3303 pars
2756 3270 2773 3295 ,

1732 3329 1854 3383 quoe
1873 3324 1927 3363 et
1963 3329 2135 3383 grace
2155 3310 2482 3383 loqueretur,
2509 3322 2570 3362 et
2589 3309 2776 3381 ampli-

1732 3389 1922 3443 tudine
1953 3388 2237 3443 Helladem
2283 3390 2442 3460 longe
2491 3398 2778 3461 superaret

1731 3472 1753 3539 (
1767 3488 1892 3522 nam
1937 3466 2120 3521 Hellas
2167 3468 2401 3523 Atticam
2453 3466 2772 3533 dumtaxat,

1729 3548 1990 3601 Bootiam
2005 3586 2022 3615 ,
2049 3546 2546 3614 Locros,Doridem
2569 3585 2590 3611 ,
2613 3561 2670 3601 et
2684 3550 2776 3599 An-

1731 3645 1826 3699 gos
1889 3625 2219 3699 Pelasgicum
2273 3626 2739 3699 complectebatur
2757 3664 2774 3691 ,

1735 3724 1870 3778 quas
1887 3706 2131 3778 regiones
2150 3706 2360 3759 Plinius
2377 3706 2636 3759 describit
2648 3746 2664 3773 ,
2677 3706 2775 3759 loc.

1735 3784 1824 3839 cit.
1854 3804 1971 3858 cap.
2005 3804 2090 3853 11,
2121 3805 2222 3852 12,
2255 3784 2352 3853 13,
2395 3787 2534 3855 14);
2573 3784 2774 3839 idcirco

1736 3862 1934 3934 Magna
1969 3864 2177 3919 Groecia
2208 3883 2240 3919 a
2277 3864 2534 3918 Romanis
2573 3876 2655 3918 est
2687 3881 2774 3935 ap-

1737 3942 1956 4015 pellata.
1985 3942 2126 3998 Vide
2152 3944 2308 3998 etiam
2352 3942 2548 3997 librum
2589 3940 2772 4003 XXV,

1739 4040 1858 4098 cap.
1873 4022 1958 4089 45.
1975 4022 2327 4077 H.--Eodem
2353 4021 2563 4075 nomini
2592 4022 2772 4075 Festus
