2950 5017
1154 442 1252 511 L1
1272 439 1467 510 BER
1533 440 1656 510 v1.

2315 439 2468 514 685

334 573 521 666 regia
554 600 571 642 ι
618 555 899 643 Nisaea¹⁵
938 571 1343 666 Parthyenes
1378 568 1654 658 nobilis,
1697 569 1810 638 ubi
1847 568 2394 667 Alexandropolis
2435 597 2478 642 a

334 677 701 748 conditore.

442 779 676 868 (xxvl.
687 777 715 871 )
750 783 1211 854 Necessarium
1240 797 1341 852 est
1370 785 1438 851 in
1474 783 1606 852 hoc
1634 781 1784 852 loco
1821 784 2084 878 signare
2119 798 2187 853 et
2223 784 2538 857 Medo-3

334 913 484 957 rum
515 891 713 959 situm
729 904 1231 1020 ,terrarumque
1264 889 1495 959 faciem
1525 890 1976 984 circumagere
2005 889 2094 958 ad
2132 891 2469 960 Persicum

332 1019 519 1064 mare
538 1049 559 1084 ,
595 995 765 1090 quo¹
768 981 1093 1066 ⁶facilius
1147 994 1389 1064 deinde
1429 993 1683 1090 reliqua
1736 1009 2117 1064 noscantur.
2164 996 2473 1091 Namque

331 1100 559 1170 Media
584 1103 670 1170 ab
706 1123 949 1172 occasu
982 1116 1359 1171 transversa
1390 1099 1691 1195 oblique¹
1697 1099 1720 1140 ⁷
1755 1101 2040 1171 Parthiae
2077 1125 2473 1190 occurrens,

330 1195 681 1302 utraque¹⁸
720 1231 926 1302 regna
966 1205 1304 1276 includit¹⁹
1310 1259 1325 1272 .
1361 1203 1646 1276 Habet²⁰
1679 1231 1842 1302 ergo
1865 1209 2008 1302 ipsa
2037 1207 2122 1276 ab
2155 1223 2308 1277 ortu
2341 1212 2476 1279 Ca-

330 1314 551 1407 spios,
582 1329 651 1382 et
684 1315 1003 1384 Parthos·
1044 1338 1083 1383 a
1116 1312 1391 1382 meridie
1416 1311 1856 1382 Sittacenen²¹
1873 1364 1892 1398 ‚
1927 1327 1995 1382 et
2028 1314 2384 1398 Susianen,
2409 1329 2477 1383 et

326 1418 646 1489 Persida.
686 1419 771 1488 ab
818 1443 1061 1489 occasu
1102 1418 1536 1487 Adiabenen:
1578 1416 1659 1486 a’
1665 1415 2205 1513 'septemtrione
2249 1423 2478 1489 Arme-

330 1525 532 1594 niam.
569 1511 849 1596 Persae²³
892 1525 1202 1594 Rubrum
1242 1548 1428 1594 mare
1468 1547 1731 1618 semper
1773 1523 2152 1612 accoluere,
2198 1541 2475 1646 propter
2510 1553 2542 1610 4

330 1629 513 1723 quod
568 1632 623 1700 is
666 1633 848 1701 sinus
898 1632 1203 1701 Persicus
1256 1643 1590 1700 vocatur:
1635 1629 1856 1726 regio²

880 1737 1036 1826 Qua
1096 1761 1260 1806 vero
1325 1739 1469 1832 ipsa
1533 1735 1712 1806 subit
1759 1734 1846 1805 ad
1894 1736 2165 1822 MedoS,
2216 1738 2477 1808 Climax

330 1723 801 1830 Syrtibolos²⁵2

328 1917 479 1989 regia
495 1918 656 1972 fuerit
669 1919 1084 1990 Hecatompylos
1096 1957 1113 1984 ‚
1124 1909 1357 1990 Ἑκατόμ·

328 2004 481 2058 πυλος
498 2001 557 2052 τὸ
580 2005 676 2052 τῶν
689 1999 977 2069 Παρθυαίων
1000 1999 1244 2064 βασίλειον
1258 2037 1276 2063 ,
1298 2011 1361 2052 ut

330 2075 475 2130 idem
498 2091 577 2131 est
598 2091 789 2132 auctor
809 2079 906 2132 lib.
930 2079 1010 2130 xl
1030 2116 1044 2143 ,
1064 2095 1185 2149 pag.
1213 2079 1244 2132 5
1258 2095 1281 2130 1
1294 2084 1354 2141 4,

332 2157 677 2227 perspicuum
720 2171 797 2211 est
836 2158 1043 2210 Arma
1076 2161 1215 2226 regia
1252 2157 1361 2228 legi

330 2236 423 2288 hic
463 2249 728 2309 oportere.
775 2237 877 2290 Hic
917 2249 1093 2290 autem
1140 2239 1361 2290 Arsaces

330 2317 529 2386 Scytha
582 2316 854 2369 Parthiam
902 2315 1121 2381 invasit,
1166 2333 1195 2369 a
1249 2334 1359 2388 quo

330 2392 529 2448 deiude
552 2396 737 2448 Parthi
760 2395 861 2466 ipsi
891 2393 1157 2449 Arsacidas
1180 2395 1363 2466 appel·

330 2475 441 2527 lati.
467 2475 877 2546 Hecatompylos
902 2475 1068 2528 hodie
1083 2475 1359 2544 Dame'gan,

328 2554 445 2606 sive
486 2555 765 2625 Damgham
787 2591 807 2618 ,
860 2553 1078 2608 dicitur.
1132 2555 1360 2608 Nisoeam

330 2632 531 2686 deinde
568 2653 681 2687 non
724 2633 988 2704 regionis,
1035 2631 1128 2686 sed
1169 2632 1359 2705 oppidi

328 2731 529 2765 nomen
560 2731 671 2767 esse
711 2713 769 2766 in
804 2713 1020 2784 regione
1058 2713 1360 2786 Parthyene

330 2789 505 2856 dicta,
531 2793 874 2865 perspicuum
904 2804 999 2846 est.
1022 2791 1128 2845 En.

421 2889 445 2923 1
460 2871 511 2925 5.
540 2873 730 2927 Νίσαια.
756 2871 1008 2924 Meminit
1027 2874 1141 2942 ejus
1166 2869 1360 2944 oppidi

328 2947 569 3004 Isidorus
608 2952 979 3016 Characenus,
1009 2951 1066 3002 in
1114 2955 1357 3022 Σταθμοῖς

332 3033 625 3100 Παρθικοῖς,
640 3049 760 3103 pag.
784 3031 924 3085 188:
939 3030 1109 3083 Anum
1132 3033 1361 3102 Παρθαὺ-

328 3128 446 3161 νισσι
470 3111 503 3166 ἡ
539 3112 708 3172 πόλις·
736 3111 785 3162 ἔν
787 3115 851 3162 θα
880 3110 1131 3176 βασιλικαὶ
1157 3111 1355 3180 ripat-

328 3177 536 3250 Iba-em:
585 3185 643 3244 δὲ
674 3189 891 3243 Νισαίων
939 3190 1178 3260 λίγουσιν.
1235 3190 1359 3244 Fuit

326 3269 554 3339 nepon'm
586 3281 717 3322 teste
754 3269 1073 3332 Ptolemaeo,
1113 3269 1214 3321 lib.
1242 3271 1357 3335 vl,

326 3365 447 3417 cap.
505 3347 535 3402 5
562 3385 577 3407 ‚
624 3348 852 3402 Parthiae
896 3349 1101 3418 portio.
1158 3349 1222 3400 In
1255 3349 1357 3403 hac

328 3427 505 3480 Nisaea
537 3428 737 3480 exstitit
776 3445 963 3498 regum
990 3427 1236 3498 sepulcro
1256 3447 1357 3480 no-

324 3507 469 3559 bilis.
492 3503 674 3559 Han.
719 3539 802 3549 —
846 3507 1059 3559 Nomen
1094 3506 1357 3579 oppidum

326 3597 503 3638 servat
520 3587 659 3640 Nesa
682 3584 847 3639 hodie
876 3584 1083 3639 dictum
1099 3625 1114 3654 ,
1142 3598 1357 3640 auctore

322 3663 663 3718 n’Anvuu.
690 3667 797 3719 En.

415 3747 504 3797 16.
550 3747 666 3815 Quo
686 3745 893 3812 facilius
940 3743 1131 3799 deinde.
1171 3745 1353 3801 Chiffl.

324 3825 462 3896 quod
480 3823 690 3890 facilites
713 3824 841 3876 dein.
870 3825 977 3878 En.

414 3921 505 3974 ¹7·
534 3903 760 3976 oblique.
784 3903 969 3956 Chiffl.
993 3904 1211 3974 obliqua.
1230 3906 1353 3958 Vet.

323 4001 413 4054 ap.
442 3982 626 4036 Dalee.
648 3983 874 4056 obliqua.
891 3983 998 4036 En.
1024 4015 1105 4027 -—
1130 3983 1359 4038 Parthia

322 4065 459 4116 [ines
502 4074 619 4117 toto
646 4063 809 4118 latere
832 4075 1133 4120 transverso
1170 4076 1351 4134 tegens

1860 1618 2066 1700 ⁴ibi
2104 1633 2436 1701 maritima
2452 1687 2476 1720 ,

1443 1918 1513 1971 ab
1561 1934 1752 1971 occasu
1774 1915 1954 1972 estivo
1981 1916 2050 1972 ad
2072 1931 2318 1973 exortum
2351 1921 2478 1975 solis

1442 1997 1764 2050 brumalem.
1791 1993 1972 2052 Hau).

1531 2078 1620 2130 18.
1653 2077 1868 2148 Utraque
1893 2095 2066 2147 regna.
2113 2077 2184 2131 Et
2227 2077 2477 2134 undecim

1442 2173 1563 2228 quoe
1574 2155 1850 2226 superiora
1862 2153 2134 2218 dicuntur.
2149 2175 2376 2229 qumque
2390 2160 2476 2212 in·

1443 2235 1656 2308 cipiunt
1676 2253 1707 2287 a
1721 2234 1956 2288 confinio
1970 2237 2232 2290 Armeniae
2243 2237 2474 2311 Caspiis-

1444 2333 1552 2384 que
1592 2314 1862 2367 littoribus
1889 2351 1906 2378 ‚
1975 2316 2348 2390 pertinentque
2402 2317 2472 2372 ad

1444 2394 1722 2466 Scythas:
1759 2405 1814 2446 et
1833 2393 2042 2466 reliqua
2063 2408 2269 2468 septem
2297 2435 2315 2464 ‚
2353 2418 2474 2470 qun

1443 2473 1698 2526 inferiora
1717 2473 2073 2545 appellantur.
2096 2473 2272 2529 Hiar).

1536 2567 1622 2620 19.
1635 2552 1864 2606 Includit.
1883 2553 1984 2607 Ch.
1989 2555 2266 2637 praeludit.
2283 2557 2387 2611 En.
2391 2589 2472 2600 ——-

1444 2631 1730 2703 Superiora
1749 2630 1972 2703 quidem
1997 2653 2025 2686 a
2037 2617 2272 2687 meridie
2295 2635 2472 2690 Media

1442 2708 1816 2765 includuntur:
1837 2713 2000 2776 mari,
2027 2731 2057 2766 a
2077 2715 2470 2784 septemtrione.

1442 2791 1706 2844 Inferiora
1721 2829 1738 2855 ,
1763 2810 1960 2862 nempe
1985 2793 2191 2858 Persis,
2222 2793 2471 2860 Susiane,

1446 2871 1726 2924 Carmania
1754 2883 1807 2924 et
1831 2871 2082 2942 reliqua,
2109 2872 2346 2926 Mediam
2371 2875 2470 2929 ha-

1442 2949 1574 3003 beut
1599 2967 1700 3020 pro
1727 2948 1898 3003 limite
1929 2969 1956 3001 a
1989 2953 2372 3022 septemtrione
2401 2972 2414 3008 ε
2439 2972 2472 3010 a

1442 3027 1698 3096 meridie,
1726 3029 1973 3082 Rubrum
1997 3050 2158 3084 mare.
2184 3031 2367 3088 Hnn.

1529 3127 1618 3162 20.
1661 3108 1830 3160 Habet
1873 3128 1991 3178 ergo
2037 3114 2160 3180 ipsa.
2208 3113 2333 3166 Vet.
2381 3131 2468 3183 ap.

1443 3188 1626 3241 Dalec.
1650 3187 1820 3240 Habet
1837 3192 1962 3258 ipsa.
1992 3189 2095 3244 En.

1529 3283 1620 3320 at.
1656 3266 1948 3321 Sittacenen.
1994 3271 2075 3322 De
2116 3288 2222 3341 qua
2271 3269 2470 3325 dicitur

1442 3365 1559 3419 cap.
1587 3353 1676 3400 31.
1704 3345 1892 3399 Ηιιιι).

1525 3444 1638 3478 22..
1660 3426 1716 3479 Α
1756 3429 2102 3498 septemtrione.
2156 3427 2346 3483 chiffl.
2400 3431 2472 3482 ad

1440 3509 1833 3576 septemtrionem.
1863 3505 1970 3562 En.

1519 3585 1610 3638 23.
1637 3585 1804 3636 Persoe
1825 3584 2056 3638 Rubrum.
2080 3584 2296 3640 Solinus
2310 3626 2326 3654 ,
2349 3606 2465 3661 cap.

1442 3683 1563 3731 nv,
1591 3683 1708 3737 pag.
1745 3666 1838 3717 86.
1867 3663 2052 3718 Hum.

1524 3751 1614 3809 24.
1643 3745 1818 3814 Regio.
1853 3743 2038 3797 chiffl.
2075 3747 2228 3814 regia.
2260 3746 2365 3799 En.

1528 3823 1619 3877 25.
1641 3823 1928 3895 Syrtibolos.
1964 3821 2267 3895 Συρτίὸωλος
2293 3826 2468 3879 Persi-

1440 3901 1525 3956 dis
1536 3943 1552 3968 ,
1567 3903 1743 3974 inquit
1754 3942 1770 3968 ,
1787 3903 1936 3974 regio
1949 3903 2214 3957 maritima
2228 3904 2468 3975 Syrtium

1442 3984 1611 4036 instar
1624 3982 1876 4055 palustris
1887 4016 1906 4045 ‚
1929 3980 2054 4036 inde
2068 4001 2262 4036 nomen
2282 3984 2442 4039 babet
2451 4003 2468 4038 ε

1437 4063 1494 4118 in
1534 4061 1723 4116 eadem
1750 4062 1860 4134 ipsa
1899 4079 2004 4134 qua
2043 4062 2185 4116 subit
2210 4065 2472 4134 pertinet-
