2950 5017
523 386 661 482 728

1067 393 1145 460 C.
1197 393 1538 465 PLINII
1585 395 1799 465 NAT.
1849 394 2110 462 HIST.

517 518 715 614 longe
753 536 1223 615 procurrente,
1279 510 1457 593 ubi¹³
1514 524 1738 596 fauces
1778 524 1993 594 Rubri
2030 525 2232 592 maris
2285 512 2454 594 v11¹⁴
2501 524 2658 594 mill.

519 651 589 697 1).
629 651 945 722 passuum
991 629 1075 697 ab
1124 629 1371 698 Arabia
1413 631 1682 701 distant.
1734 615 2020 701 Insula¹⁵
2063 631 2156 698 ibi
2203 632 2422 724 Cytis,
2465 645 2662 726 topa-

522 735 693 818 zium
728 733 946 804 ferens
972 719 1097 803 et¹⁶
1135 737 1299 830 ipsa.

627 839 886 909 Ultra¹⁷
924 840 1135 926 silvae,
1178 841 1293 911 ubi
1330 841 1682 913 Ptolemais
1718 869 1760 912 a
1797 840 2236 972 Philadelpho
2271 842 2544 912 condita
2583 843 2666 911 ad

522 961 803 1016 venatus
843 946 1389 1041 elephantorum,
1433 949 1522 1017 ob
1571 949 1639 1040 id
1681 947 2075 1043 Epitheras¹
2155 950 2668 1042 cognominata,

516 1053 706 1146 juxta
754 1051 972 1123 lacum
1029 1053 1442 1123 Monoleum.
1493 1058 1655 1124 Haec
1703 1070 1807 1125 est
1848 1056 2031 1149 regio
2077 1053 2444 1125 secundo¹⁹
2479 1053 2670 1123 volu·

524 1161 703 1226 mine
756 1183 798 1228 a
838 1159 1030 1229 nobis
1077 1159 1445 1253 significata
1489 1186 1506 1229 :
1558 1163 1628 1231 in
1681 1187 1815 1256 qua
1875 1161 2314 1256 quadraginta
2377 1161 2671 1254 quinque
2733 1160 2740 1170 ’

523 1265 756 1334 diebus
808 1280 964 1335 ante
1017 1265 1369 1335 solstitium
1394 1319 1415 1354 ,
1466 1267 1876 1361 totidemque
1934 1281 2165 1361 postea
2187 1321 2209 1352 ‚
2265 1265 2438 1334 hora
2489 1281 2672 1335 sexta

525 1385 1014 1440 consumuntur
1036 1371 1323 1458 umbrae,
1342 1373 1499 1441 etin
1520 1373 1865 1442 meridiem
1890 1371 2154 1467 reliquis
2175 1371 2358 1440 horis
2389 1371 2672 1458 cadunt,

520 1479 772 1548 caeteris
791 1478 1022 1546 diebus
1038 1477 1105 1544 in
1125 1480 1663 1573 septemtrionem
1685 1504 1699 1547 ε
1725 1504 1932 1573 quum
1957 1480 2026 1548 in
2055 1475 2450 1564 Berenice²⁰,
2471 1503 2670 1572 quam

522 1586 807 1678 primam
853 1585 1231 1677 posuimus,
1270 1585 1415 1678 ipso
1455 1585 1566 1654 die
1619 1584 1877 1654 solstitii
1918 1582 2158 1654 sexta'¹
2205 1583 2375 1652 hora
2419 1584 2670 1654 umbrae

524 1694 595 1758 in
633 1704 845 1758 totum
880 1689 1351 1774 absumantur,
1374 1688 1684 1785 nihilque·
1699 1691 2057 1761 adnotetur
2090 1687 2268 1758 aliud
2299 1691 2484 1758 novi.
2527 1713 2672 1760 nen

524 1795 690 1865 mill.
723 1819 1037 1891 passuum
1075 1795 1424 1866 intervallo
1467 1821 1506 1866 a
1547 1796 1988 1884 Ptolemaide,
2015 1822 2121 1866 res
2149 1797 2438 1890 ingentis
2464 1820 2674 1866 exem-

525 1901 651 1996 pli,
703 1901 1019 1996 locus'que
1074 1901 1454 1972 subtilitatis
1499 1903 1878 1990 immensas,
1928 1899 2244 1971 mundo²²
2289 1901 2380 1970 ibi
2437 1901 2669 1996 depre-

616 2079 707 2134 13.
741 2080 841 2132 Ubi
854 2081 1047 2146 fauces.
1088 2078 1271 2132 Hodie
1302 2080 1346 2131 le
1383 2079 1563 2132 de'troit

529 2159 593 2212 de
614 2158 1050 2212 Bab-el·Maudel.
1076 2160 1259 2212 Ham).

619 2245 710 2302 14.
744 2239 849 2291 VII
876 2240 1000 2292 mitt.
1027 2240 1103 2291 D.
1122 2259 1257 2309 pass.
1281 2238 1347 2291 ab
1364 2238 1560 2292 Arabia

530 2318 732 2371 distant.
760 2319 843 2370 Ita
870 2319 1004 2389 Reg.
1036 2337 1061 2370 1
1086 2359 1101 2382 ,
1134 2337 1197 2384 ι,
1216 2319 1371 2373 colb.
1401 2338 1426 2371 1
1444 2357 1460 2381 ,
1492 2337 1521 2370 2
1541 2357 1559 2382 ,

529 2397 698 2451 Paris.
745 2396 928 2451 chiffl.
960 2399 1246 2469 Perperam
1283 2397 1417 2451 editi
1442 2398 1564 2451 1111

532 2478 652 2530 mill.
679 2477 756 2530 D.
778 2496 911 2548 pass.
936 2477 1117 2548 priore
1142 2477 1337 2530 binarii
1356 2490 1482 2530 nota
1501 2477 1560 2530 in

532 2556 837 2628 quinarium
876 2570 1200 2629 praepostere
1247 2576 1279 2608 a
1327 2555 1561 2608 librariis

530 2647 845 2708 permutata.
893 2635 983 2689 Sic
1026 2637 1218 2690 Strabo
1268 2635 1364 2688 lib.
1392 2636 1558 2700 xvl,

530 2733 655 2787 pag.
678 2718 786 2784 769
808 2751 827 2776 ,
855 2727 908 2767 et
938 2716 1339 2786 Agathemerus,
1360 2715 1556 2785 Geogr.

534 2795 633 2847 lib.
659 2795 715 2858 1,
748 2813 865 2865 cap.
908 2794 939 2847 3
961 2831 979 2857 ,
1036 2795 1302 2866 angustias
1340 2795 1564 2866 hujusce

438 2931 455 2955 ‚
534 2875 656 2928 freti
681 2873 751 2927 ad
779 2893 849 2926 Lx
878 2871 1071 2940 stadia,
1112 2876 1179 2936 αἶς
1216 2869 1423 2936 cellion:
1453 2875 1564 2937 65⁷3-

534 2971 688 3007 κοντα
706 2952 949 3006 contrahi
968 2955 1151 3006 scribit
1168 2993 1183 3020 ,
1207 2961 1327 3025 quae'
1348 2971 1565 3024 prorsus

535 3033 832 3086 Plinianam
847 3051 1146 3086 mensuram
1157 3031 1566 3104 adaequantSed

537 3126 589 3166 et
612 3111 675 3164 ab
687 3111 881 3164 Arabia
906 3111 1091 3164 distans
1106 3151 1121 3175 ‚
1151 3112 1404 3165 libentius
1423 3112 1564 3166 mul·

538 3205 595 3244 to
615 3231 632 3258 ,
670 3209 828 3263 quam
857 3191 1073 3256 distant,
1100 3191 1409 3262 agnoverim
1440 3209 1457 3246 ε
1501 3204 1564 3243 ut

536 3271 607 3324 ad
653 3270 943 3324 Berenicen
994 3270 1263 3342 oppidum
1282 3310 1301 3335 ,
1346 3289 1458 3322 non
1493 3269 1563 3322 ad

536 3351 713 3404 fauces
739 3368 861 3422 quoe
880 3349 1167 3403 Arabicum
1191 3368 1405 3422 quoque
1416 3351 1568 3402 littus

538 3431 746 3483 alluunt
764 3468 781 3494 ,
822 3447 927 3482 vox
948 3447 1006 3480 ea
1028 3429 1305 3482 reseratur.
1334 3429 1522 3481 Ham).

626 3527 649 3561 ι
663 3510 715 3563 5;
747 3509 917 3562 Insula
945 3508 1012 3560 ibi
1041 3511 1197 3580 Cytis.
1226 3509 1291 3564 In
1318 3509 1437 3579 ipso
1460 3509 1571 3562 fau·

538 3589 681 3642 cium
696 3587 866 3642 aditu.
881 3591 1055 3659 AEque
1068 3607 1129 3641 ac
1142 3589 1227 3641 To
1234 3607 1387 3661 patos
1406 3605 1569 3657 supra

538 3667 696 3730 dicta,
716 3687 837 3740 qun
855 3667 1148 3738 plurimum
1167 3669 1314 3721 abest
1336 3667 1401 3719 ab
1420 3667 1565 3720 hisce

536 3749 819 3819 angustiis,
870 3748 974 3801 fert
1012 3759 1067 3800 et
1111 3747 1225 3818 ipsa
1273 3747 1564 3817 topazium.

536 3828 740 3888 Γυθίτης
792 3827 1106 3887 Ptolemoeo,
1148 3819 1247 3880 lib.
1277 3826 1358 3877 1v
1383 3865 1400 3891 ,
1444 3844 1561 3896 cap.

540 3911 593 3960 8.
616 3907 857 3960 Fortasse
874 3904 1039 3959 hodie
1052 3906 1251 3958 Melum.
1271 3905 1371 3957 Hic
1388 3918 1568 3959 autem

536 4005 714 4040 errare
736 3985 967 4039 Plinium
982 4025 997 4050 ,
1025 4003 1190 4056 quum
1214 3985 1344 4039 duas
1368 3984 1569 4038 insulas

1647 2081 1912 2150 topazium
1938 2080 2168 2133 ferentes
2199 2077 2256 2130 in
2287 2075 2530 2131 Arabico
2559 2079 2670 2132 sinn

1646 2171 1911 2213 memoret
1933 2197 1950 2226 ,
2021 2159 2276 2231 opinatur
2337 2157 2668 2221 Gonu-un,

1629 2257 1805 2310 «quem
1827 2237 1953 2292 vide
1977 2257 2069 2310 op.
2099 2258 2147 2292 c.
2169 2250 2211 2288 t.
2235 2238 2321 2300 11,
2342 2255 2398 2307 p.
2427 2238 2666 2290 210.Eu.

1734 2323 1823 2372 16.
1855 2319 1930 2370 Et
1976 2323 2099 2389 ipsa.
2141 2317 2285 2369 Ultra
2329 2317 2485 2386 syloe
2508 2353 2527 2380 ‚
2575 2330 2666 2370 etc.

1647 2397 1886 2453 chifflet.
1901 2409 1953 2448 ee
1967 2400 2070 2468 ipsa
2089 2397 2218 2453 ultra
2233 2395 2426 2460 εγὶνω,
2449 2408 2549 2449 etc.
2569 2395 2668 2448 En.

1733 2495 1822 2546 17.
1857 2477 2018 2530 Ultra.
2034 2477 2155 2530 Hoc
2169 2487 2248 2528 est
2266 2514 2282 2539 ,
2307 2475 2452 2528 ultra
2476 2477 2670 2539 sinum,

1645 2555 1832 2610 insulis
1853 2558 2106 2610 refertum
2127 2595 2142 2620 ,
2161 2557 2314 2625 cujus
2330 2553 2470 2607 facta
2493 2555 2668 2625 proxi-

1645 2653 1734 2688 me
1771 2649 1922 2688 antea
1953 2636 2158 2689 mentio
2182 2645 2291 2700 est,
2333 2633 2470 2686 citra
2501 2633 2666 2686 fauces

1645 2715 1791 2767 sinus
1808 2716 2040 2769 Arabici.
2066 2714 2288 2768 Exstant
2311 2730 2386 2764 en
2413 2711 2672 2784 hodieque

1649 2794 1796 2846 silvie
1812 2832 1830 2856 ,
1856 2795 2052 2865 quibus
2077 2811 2275 2846 nomen
2293 2804 2372 2844 est
2385 2792 2444 2844 in
2459 2792 2671 2844 Tabulis

1651 2873 2064 2945 Geographicis,
2090 2873 2158 2926 Χ
2153 2885 2308 2924 umeea
2331 2871 2471 2924 siloa.
2503 2871 2570 2926 Η.

1735 2975 1756 3004 ι
1769 2955 1820 3007 8.
1845 2955 2123 3024 Epitheras.
2135 2951 2419 3005 Ptolemais
2432 2951 2516 3004 ἐπὶ
2531 2951 2666 3022 θέρε-ς

1650 3038 1749 3085 τῶν
1780 3033 2078 3103 ἐλεφάντων,
2109 3029 2180 3085 ad
2194 3030 2673 3102 venatuselephan·

1650 3123 1830 3164 torum
1863 3130 1877 3164 :
1904 3125 1959 3166 et
1978 3114 2097 3182 πρὸς
2117 3117 2182 3180 τῇ
2203 3111 2328 3182 θήρᾳ
2367 3128 2578 3181 quoque
2603 3109 2670 3162 ob

1649 3189 1710 3243 id
1755 3193 2129 3262 cognominata
2173 3209 2202 3242 a
2253 3189 2514 3244 Strabone
2529 3229 2546 3253 ,
2580 3189 2668 3241 lib.

1651 3270 1814 3334 XVI,
1839 3288 1958 3341 pag.
1987 3275 2121 3342 776.
2144 3271 2310 3323 Nunc
2335 3267 2497 3338 Buge.
2528 3269 2596 3322 H.

1739 3367 1830 3418 ¹9·
1857 3349 2078 3402 Secundo
2107 3349 2368 3402 νοιωιιὶηε.
2398 3347 2568 3402 Libro
2587 3349 2668 3411 11,

1653 3447 1773 3500 cap.
1803 3429 1894 3496 75.
1919 3427 2106 3482 Han.

1743 3527 1830 3562 πο.
1891 3509 2051 3578 Quum
2103 3512 2154 3564 in
2209 3508 2446 3562 Berenice
2459 3545 2476 3571 ‚
2536 3525 2671 3578 quan

1647 3592 1854 3658 primam
1885 3592 2149 3656 posuimus.
2174 3588 2240 3640 In
2277 3589 2422 3643 calce
2445 3585 2671 3658 superio·

1652 3667 1727 3720 ris
1757 3667 1963 3740 capitis.
1987 3667 2174 3718 Ham).

1737 3765 1829 3800 21.
1859 3746 2010 3800 Sexta
2055 3746 2193 3798 hom.
2237 3745 2358 3800 Hoc
2401 3760 2509 3808 est,
2557 3743 2666 3815 ipso

1651 3825 1832 3878 medio
1853 3825 1972 3891 die,
2009 3844 2175 3897 quum
2197 3825 2280 3878 sol
2298 3828 2348 3880 ei
2370 3821 2573 3898 oppido
2591 3841 2670 3876 sn·

1655 3925 1751 3977 pra
1775 3907 2026 3959 verticem
2044 3904 2306 3958 imminet.

1742 4005 1770 4038 2
1782 4005 1808 4044 a
1822 4022 1835 4036 .
1861 3985 2050 4038 Mundo
2060 3985 2144 4038 ibt.
2159 3984 2353 4038 Mundi
2365 3979 2668 4038 dimetiendi
