2950 5017
551 402 696 500 766
1389 403 1523 471 DE
1586 403 1816 475 srrn

547 545 656 578 non
679 523 870 578 habuit
893 524 938 576 is
958 509 1206 576 ,iordanis
1227 539 1424 576 nomen
1453 534 1576 578 ante
1600 541 1870 597 egressum
1892 541 1925 578 e
1950 526 2082 580 mari
2104 544 2199 580 seu
2224 525 2345 582 lacu
2363 528 2675 584 'Rhe-iadis.

542 611 647 667 sed
673 611 822 684 quod
847 609 1084 664 anterius
1111 608 1232 663 fluit
1259 629 1290 664 e
1321 610 1469 665 fonte
1493 610 1733 666 Pancade
1757 631 1927 686 usque
1951 613 2021 666 ad
2048 633 2177 668 eum
2198 615 2379 670 lacum
2396 657 2415 684 ,
2437 619 2493 671 in
2524 637 2681 691 quem

539 719 598 754 se
629 700 922 782 immergit,
949 699 1154 752 Hebraei
1167 699 1364 767 fontem
1387 699 1763 771 appellabant,
1788 713 1840 754 et
1846 702 2051 770 fontem
2078 706 2360 772 Daphnin„-
2380 719 2445 758 ut
2470 718 2685 778 apparet

543 807 607 841 ex
635 789 800 842 Num.
833 805 1020 853 xxxxv,
1061 805 1144 849 11,
1162 805 1224 839 η
1243 827 1261 852 ,
1299 787 1392 840 ubi
1416 787 1601 840 Terra
1632 788 1995 860 promissionis
2025 791 2161 843 situs
2186 804 2241 845 et
2268 791 2469 846 limites
2494 792 2689 848 descri-

505 869 516 910 l
540 878 774 939 huntur,
793 872 901 926 «ad
921 871 1405 946 septemtrionalem
1426 874 1635 946 plagam
1654 893 1687 928 u
1708 875 1836 928 mari
1860 895 2051 948 magno
2069 903 2113 940 ι,
2139 879 2246 933 sive
2262 879 2687 936 mediterraneo:

539 991 566 1010 ..
583 963 717 1016 Inde
744 973 930 1017 contra
955 960 1264 1014 orientalem
1300 961 1517 1034 plagam
1543 961 1613 1016 de
1638 963 1763 1017 villa
1796 965 1950 1018 Euan
1979 983 2149 1038 usque
2174 966 2515 1040 sephama,
2546 969 2695 1042 qnod

543 1051 805 1125 oppidum
847 1050 1006 1104 fuisse
1044 1051 1258 1122 oportet
1295 1049 1436 1104 circa
1474 1039 1679 1104 fontem
1715 1051 1893 1124 ipsum
1917 1053 2203 1118 Iordanis,
2234 1045 2389 1108 unde
2415 1055 2477 1108 hi
2504 1056 2696 1112 limites

541 1140 826 1194 orientales
853 1136 1154 1210 procedunt
1170 1143 1353 1190 versus·
1376 1139 1627 1190 Austrum
1643 1176 1661 1203 ,
1683 1150 1747 1191 ut
1766 1151 1907 1193 recte
1924 1139 2233 1195 Bonfrerius
2252 1155 2440 1196 noster
2456 1141 2698 1198 animad-

539 1227 702 1282 vertit
725 1245 740 1280 :
768 1238 855 1280 «et
881 1226 951 1279 de
975 1223 1246 1296 sephama
1268 1221 1599 1279 descendunt
1625 1227 1837 1280 termini
1860 1228 1917 1280 in
1946 1225 2117 1283 Rebla
2138 1243 2323 1284 contra
2352 1231 2562 1285 fontem
2592 1234 2694 1284 Da·

539 1317 760 1388 phnim:
783 1313 910 1369 inde
925 1313 1238 1386 pervenient
1254 1323 1438 1368 contra
1458 1314 1722 1367 orientem
1740 1312 1809 1366 sd
1830 1333 1977 1369 mare
1994 1315 2260 1371 Cenereth
2274 1345 2301 1364 a
2319 1355 2337 1382 ,
2358 1318 2459 1391 qui
2479 1331 2537 1373 et
2554 1319 2698 1372 lacus

541 1403 842 1458 Tiberiadis
867 1414 974 1468 est,
998 1427 1021 1450 ιι
1036 1411 1088 1455 et
1113 1400 1334 1456 tendent
1359 1416 1529 1474 usque
1554 1400 1627 1455 ad
1655 1395 1945 1456 Jordanem
1966 1429 1988 1450 ι
2017 1440 2035 1469 ,
2062 1405 2155 1457 ubi
2180 1405 2447 1460 nimirum
2474 1409 2697 1479 emergit

539 1513 570 1548 e
593 1494 750 1556 lacu;
776 1517 802 1537 α
817 1499 870 1544 et
895 1489 965 1543 ad
988 1489 1238 1542 ultimum
1261 1488 1546 1543 salsissimo
1568 1489 1894 1544 clauduntur
1918 1490 2089 1544 mari·
2114 1531 2134 1560 ,
2153 1491 2249 1564 qui
2271 1504 2352 1547 est
2373 1492 2698 1566 Asphaltites

545 1584 709 1636 lacus.

606 1665 883 1742 supremis
907 1677 1084 1719 tamen
1104 1666 1266 1733 Josue
1289 1665 1625 1738 temporibus
1642 1705 1657 1731 ,
1680 1683 1851 1738 quum
1876 1685 1935 1720 ca
1964 1665 2113 1739 regio
2125 1668 2277 1740 jussu
2302 1666 2471 1740 ipsius
2502 1663 2701 1723 lustra·

540 1771 722 1822 retur,
758 1755 826 1811 ad
851 1753 1252 1809 constituendos
1287 1753 1422 1807 fines
1461 1754 1797 1825 singularum
1834 1755 2077 1809 tribuum
2094 1796 2110 1821 ,
2156 1757 2316 1810 etiam
2353 1757 2537 1830 aliqua
2578 1779 2701 1834 pars

543 1846 788 1920 superior
803 1844 974 1898 amnis
996 1843 1259 1915 appellata
1277 1842 1517 1897 fortassis
1534 1841 1786 1898 Jordanis
1803 1856 1881 1897 est
1898 1861 1915 1907 3
1940 1843 2079 1909 sive,
2096 1857 2157 1897 ut
2180 1864 2209 1899 a
2232 1845 2527 1900 Bonfrerio
2549 1848 2698 1901 video

547 1933 823 2008 appellari,
842 1930 1088 1985 Jordauis
1107 1930 1288 1984 minor
1307 1931 1418 1985 :‘ob
1436 1931 1601 1985 verba
1621 1931 1785 1985 Josue
1805 1949 1920 1995 xxx,
1942 1932 2039 2000 333
2057 1931 2151 1986 sed
2169 1933 2401 1987 fortassis
2415 1974 2432 2001 ,
2456 1933 2703 2007 inquanu

549 2041 727 2097 neque
747 2023 890 2077 enim
917 2019 1060 2074 istud
1084 2037 1145 2073 ex
1168 2037 1232 2072 eo
1258 2019 1412 2072 etiam
1439 2019 1563 2073 loco
1586 2018 1795 2092 liquido
1815 2020 2101 2092 colligitur.
2120 2021 2190 2072 At
2209 2021 2363 2094 prius
2388 2023 2493 2075 snb
2520 2021 2700 2085 Mose,

550 2108 766 2164 nonnisi
775 2110 928 2178 fons,
957 2119 1011 2160 et
1021 2109 1151 2175 fines
1179 2109 1422 2174 Daphnim
1447 2107 1715 2178 appellata
1742 2126 1801 2160 ca
1828 2125 1955 2179 pars
1983 2107 2158 2162 amnis
2186 2119 2295 2175 est,
2317 2113 2441 2181 quui
2466 2122 2550 2164 est
2582 2123 2703 2164 ante

551 2200 726 2252 lacum
748 2195 1046 2250 Tiberiadis
1061 2234 1076 2256 ,
1100 2206 1158 2247 ut
1180 2207 1406 2266 apparet
1431 2209 1496 2247 ex
1522 2194 1643 2247 loco
1664 2190 2033 2248 Numer-orum
2060 2195 2240 2249 allato.

622 2285 896 2358 Daphnim
935 2296 1113 2337 autem
1145 2293 1352 2354 oportet
1385 2300 1497 2335 esse
1521 2319 1537 2344 ‚
1577 2295 1641 2336 ut
1683 2293 1878 2338 catera
1922 2283 2099 2336 omnia
2133 2304 2253 2356 quae
2288 2280 2347 2336 in
2381 2283 2491 2338 hoc
2534 2283 2703 2357 capite

554 2374 894 2447 appellantur
937 2371 1156 2424 nomina
1189 2369 1408 2442 propria
1425 2407 1440 2433 ,
1477 2369 1761 2422 Hebraeum
1804 2390 2001 2424 nomen
2036 2388 2053 2424 ε
2092 2361 2301 2424 nullum
2346 2372 2493 2424 enim
2542 2373 2600 2424 in
2626 2372 2705 2424 bis

555 2461 784 2515 latinum
819 2471 917 2514 est.
949 2459 1040 2512 Est
1077 2458 1271 2530 igitur,
1329 2470 1389 2511 ut
1417 2473 1564 2511 nunc
1590 2454 1811 2530 quidem
1839 2457 2081 2526 videtur,
2098 2461 2226 2528 ,Ιίνιι-
2263 2455 2554 2528 Daphnim,
2590 2459 2707 2512 fons

556 2551 829 2602 laurorum
848 2586 864 2611 ‚
896 2548 968 2599 ob
995 2547 1171 2600 lauros
1208 2547 1264 2599 in
1290 2547 1408 2618 ripa
1439 2548 1687 2600 consitas.
1720 2547 1855 2599 Nam
1895 2547 2075 2601 lauros
2108 2548 2163 2601 in
2195 2547 2306 2600 hoe
2334 2559 2512 2600 tractu
2550 2547 2709 2602 fuisse

555 2636 796 2709 (tametsi
815 2635 986 2688 nullas
1011 2637 1067 2688 in
1093 2636 1295 2708 reliqua
1320 2632 1491 2688 Terra
1516 2645 1695 2689 sancta
1716 2634 1862 2688 Libri
1881 2634 2027 2688 Sacri
2046 2635 2357 2704 exhibent),
2382 2655 2496 2688 non
2519 2637 2707 2689 vicinia

558 2725 786 2798 quidem
825 2723 1124 2777 Antiochiae
1158 2722 1378 2787 suadet,
1407 2743 1526 2795 quae
1562 2723 1630 2777 ad
1670 2723 1931 2796 Daphnen
1973 2723 2205 2787 dicitur,
2238 2735 2291 2776 at
2325 2723 2461 2776 hinc
2498 2723 2711 2777 videtur

558 2822 742 2874 abesse
775 2819 898 2891 plus
933 2819 1200 2890 octoginta
1235 2814 1476 2872 millibus
1514 2837 1767 2891 passuum
1792 2857 1808 2884 ,
1845 2819 1939 2872 sed
1975 2818 2123 2891 quod
2169 2819 2467 2873 etiamnum
2510 2825 2706 2894 >2252

559 2911 760 2976 daphne
778 2906 968 2960 dicunt
985 2907 1180 2960 Rabini
1201 2925 1297 2978 pro
1311 2907 1488 2972 lauro;
1510 2907 1655 2978 quod
1677 2908 1764 2961 isti
1782 2909 1999 2979 quidem
2018 2910 2242 2961 verbum
2259 2927 2327 2961 ex
2357 2929 2537 2982 greco
2554 2909 2713 2978 δάφνη

558 2995 794 3052 fortassis
820 3013 1105 3078 accepere3
1142 2995 1237 3048 sed
1273 2996 1427 3068 prius
1451 3015 1521 3049 ex
1548 2997 1785 3050 Hebraeis
1819 2996 1964 3050 istud
1992 2997 2256 3067 accepisse
2282 2981 2499 3052 Graecos
2534 2999 2714 3051 verisi-

563 3087 759 3140 militer
794 3105 860 3139 ex
894 3086 998 3136 hoc
1027 3085 1144 3136 loco
1170 3084 1495 3155 colligimus.
1528 3085 1711 3150 Quum
1734 3099 1916 3139 autem
1947 3105 2059 3139 vox
2088 3086 2181 3139 illa
2213 3087 2463 3155 Daphnim
2486 3085 2625 3141 absit
2650 3089 2713 3140 ab

561 3174 804 3229 Hebroeis
830 3172 1104 3226 codicibus
1125 3208 1141 3235 ,
1169 3182 1225 3223 ut
1254 3191 1398 3225 nunc
1427 3184 1549 3224 sunt
1575 3171 1739 3239 (na'm
1767 3174 1821 3226 in
1848 3174 1914 3226 iis
1938 3171 2281 3226 solummodo
2312 3175 2577 3246 legimus,
2608 3196 2714 3228 con·

562 3264 914 3332 tra-fontem),
943 3272 1260 3334 argumento
1289 3257 1431 3312 istud
1458 3273 1573 3324 est,
1616 3274 1809 3332 praeter
1842 3261 1947 3315 alia
1984 3263 2188 3315 multa:
2226 3261 2513 3330 vulgatum
2542 3266 2713 3317 Inter-

560 3366 771 3423 pretem
791 3350 960 3402 multo
977 3348 1431 3402 emendatioribus
1450 3348 1673 3420 aliisque
1690 3368 1845 3402 usum
1868 3349 2027 3402 fuisse
2044 3349 2443 3422 exemplaribus
2465 3352 2714 3412 Hebraeis,

563 3457 726 3511 quam
769 3455 889 3509 quoe
917 3455 1063 3489 nunc
1090 3447 1320 3500 exstant,
1349 3449 1412 3490 ut
1439 3435 1689 3490 Praefatio
1716 3436 1971 3490 admonet
2007 3436 2218 3506 praefixa
2245 3438 2434 3490 Bibliis
2454 3476 2473 3502 ‚
2512 3457 2577 3492 ac
2600 3443 2713 3512 jure

562 3525 733 3580 videri
768 3525 801 3577 J
806 3523 988 3577 udaica
1017 3540 1157 3590 esse,
1191 3542 1309 3595 qum
1337 3543 1483 3577 nunc
1517 3517 1777 3577 habemus
1796 3561 1810 3588 ‚
1835 3519 2126 3577 Israelitica
2162 3525 2275 3577 sive
2302 3525 2525 3578 Galilaea
2554 3525 2712 3580 fuisse

565 3633 660 3679 ea,
697 3631 759 3667 ex
798 3613 995 3683 quibus
1027 3623 1147 3665 ante
1188 3612 1360 3684 ipsam
1397 3611 1593 3665 Christi
1622 3625 1824 3666 aetatem
1861 3611 1995 3666 facta
2024 3614 2093 3665 sit
2118 3613 2284 3667 latina
2314 3615 2612 3668 translatio.
2650 3615 2717 3668 Et

568 3714 647 3756 cst
669 3702 788 3754 fons
817 3699 906 3753 ille
933 3700 1214 3771 coeteroqui
1239 3700 1294 3752 in
1323 3699 1541 3753 Galilaea
1561 3740 1577 3766 ,
1614 3719 1679 3754 ac
1701 3698 1929 3771 proinde
1947 3699 2181 3753 Galilaeis
2200 3700 2410 3762 notior,
2436 3721 2605 3772 qnam
2628 3703 2716 3755 Ju-

570 3790 726 3855 daeis3
745 3789 838 3861 qui
866 3788 1106 3860 ignotum
1134 3789 1235 3841 sibi
1256 3807 1445 3842 nomen
1467 3789 1611 3842 forte
1630 3789 1993 3861 neglexerunt.
2014 3789 2088 3841 Ut
2108 3802 2166 3842 ut
2188 3795 2427 3858 est‚fims
2448 3793 2715 3860 Daphnine,

573 3878 663 3930 ille
688 3878 800 3948 ipse
825 3878 945 3929 fons
965 3887 1042 3930 est
1059 3913 1075 3940 ,
1103 3877 1197 3948 qui
1221 3877 1288 3928 ab
1317 3876 1428 3948 ipso
1453 3875 1639 3929 mundi
1671 3877 1826 3930 initio
1854 3904 1880 3922 α
1896 3876 2213 3930 ascendebat
2240 3897 2271 3930 e
2297 3889 2467 3940 terra,
2492 3879 2717 3950 irrigans

573 3965 872 4028 universam
909 3963 1249 4035 superficiem
1281 3977 1452 4016 terroe.
1478 3989 1501 4010 ι
1532 3967 1759 4016 Universa
1782 3981 1914 4016 tetra
1939 3977 2117 4018 autem
2140 4003 2157 4028 ‚
2194 3966 2347 4035 cujus
2387 3967 2714 4036 superficiem

575 4052 714 4105 fons·
733 4051 980 4122 irrigabat
1002 4091 1017 4117 ,
1055 4063 1132 4105 est
1161 4062 1360 4106 tractus
1391 4051 1478 4104 ille
1508 4050 1879 4116 solummodO,
1904 4070 2067 4125 quem
2107 4053 2280 4106 amnis
2316 4051 2467 4105 alluit
2486 4089 2503 4117 ‚
2544 4051 2715 4125 prius·
