2950 5017
595 465 749 564 674
1129 471 1207 538 c,
1264 437 1609 540 PL'iNn
1665 471 1877 539 NAT.
1936 471 2184 539 msT.

592 599 851 670 ficiunt.
882 598 1162 669 Flumen
1202 603 1459 670 Zarotis
1502 603 1673 672 ostio
1711 599 2007 686 difficili,
2041 602 2167 671 nisi
2195 605 2466 696 peritis:
2507 605 2746 678 insulae

589 701 737 775 dua}
780 731 1045 800 parvae:
1093 693 1311 776 inde³⁴
1352 706 1598 778 vadosa
1638 710 1979 802 navigatio
2019 706 2294 802 palustri
2323 709 2588 798 similis,
2617 737 2744 808 per

586 813 853 907 euripos
864 829 1089 888 tamen
1102 811 1421 908 quosdam
1422 815 1798 943 ⁵peragitur.
1813 815 2076 884 Ostium
2093 815 2473 908 Euphratis.
2493 820 2740 898 Lacus,

585 943 785 1010 quem
826 919 1078 988 faciunt
1115 905 1416 988 Eulaeus³
1485 935 1554 989 et
1586 921 1800 1015 Tigris
1832 921 2024 1014 juxta
2071 921 2444 991 Characem
2465 909 2538 993 ³⁶.
2569 924 2742 994 Inde

584 1026 767 1119 Tigri
794 1027 961 1096 Susa
971 1011 1042 1094 ³⁷.
1072 1028 1303 1095 Festos
1316 1011 1369 1050 ³⁸
1385 1024 1524 1095 dies
1549 1027 1642 1096 ibi
1665 1041 1970 1122 agentem
1987 1025 2438 1096 Alexandrum
2453 1030 2740 1100 invene-

586 1144 745 1198 runt
780 1133 1061 1227 septimo
1088 1155 1343 1218 mense,
1372 1147 1727 1227 postquam
1759 1132 2093 1228 digressus
2119 1133 2205 1202 ab
2239 1135 2318 1203 iis
2343 1133 2570 1204 fuerat
2603 1139 2740 1206 Pa-

584 1234 731 1304 talis
745 1222 831 1327 ³⁹,
854 1240 1050 1307 tertio
1086 1239 1547 1332 navigationis.
1586 1240 1698 1308 sic
1729 1238 2088 1308 Alexandri
2119 1237 2344 1310 classis
2371 1244 2738 1336 navigavit.

582 1343 820 1412 Postea
850 1332 961 1413 a⁴⁰
986 1347 1239 1438 Syagro
1294 1344 1554 1414 Arabiae
1592 1347 2053 1439 promontorio
2092 1344 2361 1414 Patalen
2399 1349 2740 1436 Favonio,

579 1472 779 1540 quem
823 1437 1245 1545 Hippalum⁴¹
1278 1448 1370 1518 ibi
1404 1464 1680 1537 vocant,
1723 1453 1862 1544 peti
1893 1452 2334 1520 certissimum
2377 1452 2742 1524 videbatur

580 1547 778 1592 —4‚

580 1581 713 1626 xm
808 1581 1021 1626 xxxu
1056 1553 1215 1624 mill.
1245 1579 1417 1649 pass.
1443 1557 1898 1626 aestimatione.

688 1667 930 1734 Secuta
964 1677 1123 1732 aetas
1145 1664 1533 1756 propiorem
1552 1687 1823 1732 cursum
1841 1663 2284 1756 tutioremque
2317 1653 2740 1755 indicavit⁴³‚

580 1771 633 1840 si
668 1771 753 1838 ab
790 1768 1023 1838 eodem
1066 1769 1530 1862 promontorio
1571 1770 1882 1863 Zigerum
1897 1753 1949 1800 ⁴⁴
1987 1782 2254 1863 portum
2300 1768 2514 1838 Indiae
2549 1787 2738 1866 pete-

578 1891 699 1945 ret.
736 1876 1011 1968 Diuque
1054 1875 1145 1942 ita
1185 1875 1571 1967 navigatum
1618 1888 1754 1960 est,
1788 1873 2004 1944 donee
2043 1872 2438 1968 compendia
2477 1879 2740 1948 invenit

578 1995 945 2066 mercator,
974 1978 1291 2073 lucroque
1316 1978 1502 2048 India
1531 1979 1802 2049 admota
1828 1995 1946 2048 est.
1975 1981 2245 2074 Quippe
2272 1982 2592 2052 omnibus
2613 2010 2739 2054 an-

519 2089 525 2096 ’
580 2091 681 2156 nis
718 2089 1107 2180 navigatur,
1145 2086 1638 2179 sagittariorum
1677 2085 2066 2154 cohortibus
2093 2087 2456 2180 impositis:
2484 2093 2738 2160 etenim

579 2198 810 2289 piratae
846 2194 1135 2261 maxime
1168 2177 1564 2260 infestant⁴⁵.
1607 2191 1752 2260 Nec
1781 2192 2033 2286 pigebit
2068 2205 2282 2261 totum
2327 2217 2608 2264 cursum
2649 2195 2738 2266 ab

581 2412 590 2421 ’
668 2419 759 2481 34.
792 2417 910 2469 Inde
930 2415 1135 2468 vadosa.
1162 2415 1419 2469 Arrianus
1439 2415 1498 2468 in
1517 2415 1612 2468 In·
1699 2433 1804 2488 qua
1835 2413 2068 2468 diximus
2103 2433 2226 2486 sup.
2261 2433 2380 2487 eap.
2415 2416 2516 2471 23.
2543 2417 2734 2472 Hm.

584 2496 741 2560 dicis,
770 2515 892 2568 pag.
924 2495 1061 2550 585.
1092 2495 1277 2547 Hann.
1781 2501 1876 2558 4ο.
1909 2496 1963 2548 A
1989 2493 2202 2568 Syagro.
2253 2496 2336 2548 De
2362 2513 2476 2567 quo
2501 2495 2736 2552 diximus

666 2576 758 2630 35.
790 2576 1010 2628 Euloeus.
1030 2577 1113 2627 De
1128 2575 1313 2628 Eulaeo
1332 2592 1521 2639 amne,
1553 2585 1609 2628 et
1695 2592 1818 2645 cap.
1844 2573 1940 2627 32.
1969 2575 2153 2628 Hann.

584 2657 821 2709 Charace
850 2652 1058 2726 oppido
1106 2652 1318 2707 dicetur
1340 2666 1608 2725 oppon-tu·
1775 2661 1868 2716 41.
1899 2654 2186 2724 Hippalum.
2208 2651 2446 2707 Chifflet.
2471 2655 2730 2724 Hypilam.

582 2737 704 2788 nius
718 2756 764 2788 c.
789 2736 819 2789 3
834 2752 855 2786 1
870 2774 883 2788 .
910 2737 991 2787 De
1012 2735 1135 2788 lacu
1160 2750 1321 2804 quem
1347 2733 1523 2804 Tigris
1551 2745 1610 2786 et
1693 2733 1875 2786 Dalee.
1901 2734 2167 2805 Hypatam.
2189 2733 2466 2786 lim—Ab
2495 2735 2732 2807 Hippalo

582 2815 813 2880 Eulaeus,
831 2826 887 2867 et
902 2813 1173 2884 Choaspes
1194 2812 1464 2878 efficiunt,
1485 2811 1612 2866 vide
1699 2811 1940 2882 quodam
1983 2813 2156 2866 classis
2195 2814 2554 2883 gubernatore
2569 2851 2589 2877 ‚
2635 2815 2730 2886 qui

584 2895 903 2948 Strabonem
919 2933 936 2958 ‚
961 2894 1055 2946 lib.
1080 2893 1207 2957 XV,
1232 2910 1291 2962 p.
1317 2893 1449 2961 728.
1471 2891 1544 2944 H.
1698 2893 1908 2961 primns
1928 2909 1999 2944 ex
2024 2893 2220 2946 Arabia
2239 2893 2295 2943 in
2314 2891 2532 2945 Indiam
2561 2894 2730 2963 plenia

666 2975 760 3027 36.
786 2973 1069 3027 Characem.
1094 2973 1223 3024 Vet·
1252 2969 1395 3042 apud
1427 2971 1610 3024 Dalec.
1698 2971 1831 3024 velis
1854 2973 2138 3042 ingressus.
2161 2971 2366 3024 Tamen
2395 2983 2590 3025 auctor
2631 2974 2726 3026 Pe·

590 3055 845 3107 Car-iacere.
862 3052 969 3105 En.
1697 3050 1826 3119 ripli
1861 3051 2023 3103 maris
2065 3050 2330 3122 Erythraei
2355 3089 2372 3117 ,
2401 3071 2516 3105 non
2559 3052 2723 3106 Favo-

670 3134 761 3203 37.
792 3131 914 3185 Inde
948 3132 1093 3201 Tigri
1113 3128 1260 3183 Susa.
1302 3129 1385 3182 Τὰ
1405 3133 1572 3182 Σοῦσα
1589 3169 1604 3191 ,
1695 3129 1878 3196 nium,
1901 3129 2334 3184 sedLibonotum
2351 3170 2370 3196 ,
2394 3133 2474 3184 aie
2491 3132 2720 3202 appella·

586 3213 865 3266 Persarum
886 3211 1051 3282 regia.
1070 3211 1155 3262 Ab
1184 3208 1322 3262 ostio
1342 3208 1519 3279 Tigris
1538 3206 1609 3260 ad
1696 3220 1816 3261 tum
1859 3209 2060 3262 scribit.
2087 3209 2268 3262 Hann.

584 3290 849 3363 oppidum
880 3291 1010 3344 Susa
1054 3287 1319 3360 navigatio
1344 3287 1477 3352 fuit,
1511 3285 1610 3340 ad·
1779 3277 2042 3352 amm.
2063 3292 2290 3340 XXXII.
2337 3288 2459 3342 Hoc
2489 3303 2594 3355 eat,
2629 3287 2715 3342 de-

584 3389 739 3424 verso
756 3389 911 3423 amne
940 3367 1123 3424 stadiis
1147 3380 1363 3422 centum
1384 3381 1437 3419 et
1454 3367 1610 3438 quin-
1695 3367 1804 3420 cies
1831 3381 1883 3422 et
1925 3379 2004 3422 ter
2029 3381 2312 3422 centenum
2327 3407 2345 3431 ,
2367 3387 2433 3422 ac
2459 3371 2712 3424 uicenam

584 3452 863 3522 quaginta:
882 3447 1083 3501 deinde
1103 3460 1245 3504 rate.
1280 3466 1379 3519 per
1415 3447 1607 3500 fossam
1695 3447 1858 3524 trium
1882 3447 2208 3502 milliarium.
2229 3449 2415 3503 Haan.
2431 3479 2515 3492 -
2533 3447 2708 3504 chiffl.

584 3549 615 3581 e
642 3529 795 3600 Tigri
815 3531 873 3582 in
896 3529 1137 3582 Eulamm
1160 3545 1369 3580 amnem
1410 3525 1570 3580 ducta
1591 3565 1608 3591 ,
1693 3530 1752 3576 Χ
1749 3530 1830 3574 IV
1835 3531 1990 3577 XXX
1992 3534 2055 3579 V.
2087 3529 2189 3581 En.

478 3631 481 3636 ·
586 3623 647 3662 ut
666 3609 823 3662 docet
853 3608 1107 3662 Arrianus
1122 3639 1139 3670 ,
1169 3603 1417 3678 Expedit.
1456 3607 1607 3658 Alex.
1777 3607 1872 3668 43.
1897 3607 2134 3662 Indiam
2157 3607 2338 3660 Dalec.
2365 3619 2420 3660 et
2439 3607 2618 3660 ElzeV.
2635 3605 2712 3678 ja·

582 3688 675 3741 lib.
697 3689 839 3748 vll,
856 3706 978 3759 pag.
1004 3687 1137 3751 453.
1162 3686 1606 3752 Strabo‚loe.cit.
1694 3683 1892 3738 dicavit.
1914 3687 2017 3739 En.

582 3785 705 3838 pag.
742 3787 877 3838 7²9·
903 3767 1087 3821 Han.
1779 3771 1872 3829 44.
1913 3766 2152 3834 Zigerum
2187 3777 2402 3836 portum.
2451 3766 2534 3818 Ita
2559 3763 2705 3818 MSS.

666 3847 757 3901 38.
783 3847 956 3900 Festos
980 3847 1099 3899 dies.
1122 3846 1192 3898 Et
1220 3863 1366 3910 suas,
1389 3857 1443 3897 et
1474 3843 1606 3896 ami·
1693 3861 1894 3896 omnes.
1919 3844 2064 3898 Editi
2087 3843 2341 3908 absurde,
2363 3845 2418 3896 Z
2419 3847 2598 3915 figerem
2615 3862 2708 3896 a·-

578 3943 766 3978 corum
794 3928 1027 3997 nuptias.
1050 3925 1341 3989 Arduum,
1380 3923 1486 3977 loe.
1511 3924 1600 3977 cit.
1691 3941 1798 3975 nem
1820 3937 2030 3994 portum.
2055 3925 2238 3978 Ham).

574 4023 704 4076 pag.
726 4012 859 4076 447.
884 4007 1067 4064 ΒΑΜ).
1773 4005 1867 4067 45.
1895 4005 2155 4072 Insistam.
2193 4004 2498 4074 Dalecamp.
2519 4004 2704 4068 bns'actc·

658 4085 752 4156 39.
780 4085 993 4140 Patalis.
1016 4085 1101 4140 Ab
1114 4083 1285 4140 insuia
1308 4082 1516 4151 Patale,
1533 4080 1603 4135 de
1689 4081 1823 4135 bant.
1853 4085 1959 4137 En.
