2950 5017
601 417 751 489 320

1127 415 1204 484 C.
1259 411 1603 483 PLINII
1656 410 1879 486 NAT.
1935 415 2197 484 HIST.

597 574 732 646 qua
765 545 1087 644 oppidum
1110 547 1322 616 Coos:
1361 542 1686 640 Calymna
1706 531 1783 630 ⁵⁴,
1843 570 1885 615 a
1930 571 2066 642 qua
2106 548 2525 642 Carpathum
2542 601 2561 636 ,
2586 573 2737 643 quae

530 683 564 732 6
599 680 846 726 nomen
890 652 1255 749 Carpathio
1303 653 1474 721 mari
1524 650 1737 740 dedit,
1782 675 1919 722 xxv
1958 651 2118 723 mill.
2173 677 2512 749 passuum.
2570 654 2739 724 Inde

599 761 917 832 Rhodum
946 759 1176 830 Africo
1213 771 1417 827 vento
1453 760 1935 853 quinquaginta
1971 783 2051 830 M.
2080 784 2251 855 pass.
2290 764 2353 830 A
2396 761 2741 857 Carpatho

603 873 824 940 Cason
872 890 977 936 vn
1017 865 1208 936 s1.A
1254 867 1428 935 Caso
1478 866 1867 935 Samonium
1922 869 2141 936 Cretae
2204 871 2743 961 promontorium

605 961 774 1045 xxx⁵
779 959 979 1043 ⁵mill.
1010 975 1086 1040 ln
1114 972 1369 1066 Euripo
1399 985 1619 1040 autem
1653 972 1955 1041 Euboico
1968 974 2235 1068 ,primo
2264 972 2407 1043 fere
2432 975 2743 1060 introitu,

605 1064 932 1152 Petaliae⁵⁶
962 1092 1250 1173 quatuor
1280 1075 1550 1165 insulae,
1587 1079 1745 1147 etin
1769 1079 1947 1148 exitu
1958 1066 2353 1150 Atalante⁵⁷.
2388 1079 2746 1175 Cyclades,

605 1203 674 1258 et
716 1185 1079 1283 Sporades,
1121 1185 1206 1253 ab
1245 1185 1505 1254 oriente
1546 1183 1881 1254 littoribus
1912 1186 2143 1255 Icariis
2180 1188 2351 1257 Asiae
2370 1237 2389 1272 ‚
2444 1187 2531 1255 ab
2566 1189 2749 1257 occi-

605 1295 806 1364 dente
835 1293 1118 1386 Myrtois
1159 1291 1432 1376 Atticae,
1464 1314 1507 1359 a
1539 1293 2014 1386 septemtrione
2044 1293 2304 1424 AEgaeo
2300 1294 2511 1380 mari,
2540 1317 2579 1362 a
2607 1319 2747 1363 me-

608 1400 772 1470 ridie
807 1400 1074 1469 Cretico
1101 1411 1170 1466 et
1198 1396 1565 1493 Carpathio
1606 1396 1907 1486 inclusae,
1950 1423 2073 1493 per
2105 1385 2419 1471 9005831.
2448 1401 2521 1469 in
2542 1397 2750 1496 longi·

609 1506 949 1593 tudinem,
985 1517 1054 1574 et
1094 1528 1215 1599 per
1253 1527 1338 1573 cc
1373 1506 1446 1572 in
1486 1502 1903 1573 latitudinem
1925 1505 2170 1599 jacent.

609 1682 699 1717 ma
723 1660 832 1715 fide
869 1659 1038 1715 secuti
1060 1697 1079 1724 ,
1116 1659 1380 1732 integram
1413 1677 1531 1712 eam
1560 1659 1638 1714 le-

611 1733 846 1798 ctionem
891 1737 1246 1793 defendimus.
1288 1739 1643 1810 Agnoscimus

613 1823 758 1877 enim
777 1838 902 1874 cum
927 1819 1208 1873 Eustathio
1219 1819 1274 1871 in
1295 1818 1615 1890 Dionysium
1628 1856 1646 1884 ,

615 1920 750 1956 vers.
777 1901 921 1964 530,
951 1917 1008 1970 p.
1044 1917 1140 1969 77,
1161 1917 1224 1950 ex
1250 1898 1643 1970 Lycophrone,

616 1979 884 2052 Calydnas
925 1979 1106 2050 plures
1153 1977 1312 2030 fuisse
1354 1995 1369 2030 ε
1412 1995 1647 2049 quarum

615 2079 723 2115 una
765 2058 1018 2131 peculiari
1059 2057 1278 2110 nomine
1305 2055 1545 2130 Calydna
1578 2057 1649 2111 sit

613 2139 902 2212 appellata:
913 2138 1170 2191 universae
1185 2137 1342 2190 simul
1353 2138 1648 2208 Calymnae,

615 2221 702 2272 vel
711 2216 982 2290 Calydna.
998 2217 1078 2269 Ex
1089 2217 1282 2270 harum
1297 2219 1402 2271 111ae
1420 2235 1648 2271 numero

614 2311 770 2364 sunt,
800 2316 930 2369 quas
971 2296 1177 2349 Plinius
1210 2297 1270 2348 in
1297 2297 1437 2350 Asia
1461 2296 1651 2349 insulis

615 2389 1028 2438 commemorat,
1071 2375 1167 2428 lib.
1210 2376 1263 2427 V
1285 2413 1303 2444 ,
1325 2396 1442 2448 cap.
1474 2374 1577 2440 36,
1619 2393 1651 2428 a

617 2457 815 2530 quihus
855 2457 940 2508 has
985 2453 1292 2520 differunt,
1347 2456 1406 2508 in
1453 2455 1651 2544 quibus

619 2533 981 2591 describendis
1001 2553 1148 2587 nunc
1171 2553 1396 2588 sumus.
1439 2509 1653 2586 illarum

617 2616 840 2688 singulis
850 2634 946 2668 sua
969 2627 1094 2667 sunt
1106 2613 1396 2707 peculiaria
1416 2610 1649 2684 oppida.

619 2697 751 2749 huic
777 2692 1033 2765 Calydna!
1051 2693 1368 2764 primarium
1398 2694 1566 2758 Coos,
1586 2693 1654 2746 ab

623 2775 793 2830 insula
818 2773 1171 2845 cognomine,
1205 2791 1324 2844 quae
1351 2772 1654 2846 Hippocra-

624 2867 734 2908 tem
759 2854 916 2918 tulit,
937 2851 1237 2906 diversum:
1261 2853 1338 2905 sic
1355 2854 1499 2905 enim
1518 2850 1655 2905 illud

623 2933 879 3006 Hesychii
906 2929 1276 3002 accipiendum
1310 2943 1477 3003 puto,
1506 2938 1657 2996 Κῶς,

625 3015 720 3085 μία
742 3021 840 3066 τῶν
863 3007 1164 3078 Καλυδνῶν,
1186 3030 1242 3082 p.
1271 3011 1404 3076 548.
1430 3011 1657 3077 Plinius,

625 3093 722 3146 lib.
749 3093 863 3157 XI,
894 3110 1011 3162 cap.
1041 3092 1142 3157 13,
1164 3109 1284 3163 quae
1325 3091 1552 3162 Calydna
1580 3095 1657 3143 in-

625 3173 734 3225 sula
764 3171 1000 3236 dicitur,
1029 3189 1091 3223 ex
1123 3188 1184 3224 ea
1207 3172 1429 3237 Strab0,
1452 3172 1548 3224 lib.
1574 3171 1659 3236 X,

626 3270 750 3325 pag.
780 3253 892 3321 489
911 3290 927 3316 ,
951 3251 1046 3302 mel
1069 3250 1372 3324 Calymnium
1390 3269 1662 3304 commen-

627 3331 719 3386 dat
737 3331 792 3384 in
807 3331 1014 3402 primis.
1041 3329 1227 3383 Hann.
1252 3361 1330 3372 —-
1349 3331 1657 3401 Dalecamp.

631 3434 655 3456 ι
675 3409 941 3482 Calydna,
967 3411 1028 3462 in
1052 3428 1157 3480 qua
1181 3409 1384 3482 oppida
1427 3411 1569 3464 Coos
1608 3422 1663 3463 et

630 3491 898 3564 Olymna,
929 3509 958 3542 a
987 3508 1092 3560 qua
1109 3527 1125 3555 ,
1153 3501 1254 3542 etc.
1274 3515 1296 3537 ι
1331 3490 1437 3543 En.

713 3577 804 3635 54.
842 3570 1082 3632 Calrmna
1101 3607 1118 3634 ,
1154 3581 1259 3621 etc.
1297 3570 1344 3621 E
1377 3567 1663 3640 Calydnis,

630 3669 724 3705 seu
743 3649 1018 3720 Calymnis
1035 3647 1244 3713 insulis,
1261 3667 1370 3701 una
1383 3685 1399 3713 ,
1419 3666 1665 3702 commu-

631 3747 702 3783 ne
725 3729 926 3782 caeteris
948 3746 1144 3780 nomen
1159 3727 1414 3800 peculiari
1427 3729 1529 3782 sibi
1543 3729 1665 3799 jure

634 3807 929 3861 vindicans.
972 3808 1101 3861 Haec
1140 3805 1370 3861 fecunda
1397 3815 1481 3862 est‘
1506 3809 1663 3861 melle

633 3889 924 3959 Calymne,
947 3899 1008 3940 ut
1045 3885 1274 3941 Ovidius
1293 3886 1515 3953 cecinit,
1546 3888 1665 3941 Me·

636 3967 958 4038 tamorphos.
971 3967 1066 4020 lib.
1084 3967 1224 4020 V111
1239 4008 1256 4032 ,
1274 3985 1411 4021 vers.
1435 3987 1504 4021 22
1516 3985 1567 4021 a.
1596 3965 1663 4017 H.

634 4076 716 4089 --
729 4045 906 4100 Hodie
931 4046 1196 4102 Calamina.
1221 4048 1456 4101 Centum
1482 4059 1661 4103 autem

1726 1659 1859 1716 mill.
1885 1679 2025 1732 pass.
2052 1680 2083 1714 a
2117 1659 2395 1732 Carpatho
2430 1659 2619 1727 distat,
2644 1680 2754 1715 non

1728 1759 1833 1794 xxv
1848 1779 1865 1806 ,
1900 1753 1964 1794 ut
1990 1741 2185 1794 Noster
2223 1742 2316 1795 ait.
2350 1760 2509 1796 xxvn
2530 1760 2594 1795 ι.
2621 1759 2755 1812 pass.

1726 1833 1805 1873 est
1817 1839 2035 1892 quoque
2048 1821 2189 1873 inter
2201 1819 2537 1892 Carpathum
2548 1834 2602 1875 et
2613 1822 2758 1874 Rho-

1727 1898 1857 1954 dum
1882 1901 2251 1969 intervallum,
2276 1919 2389 1954 non
2406 1902 2756 1974 qninquagin-

1730 1993 1801 2034 ta.
1826 1980 1932 2034 En.

1814 2058 1907 2113 55.
1935 2053 2124 2107 XXX
2149 2059 2271 2112 mill.
2298 2059 2405 2113 Hic
2423 2079 2579 2114 error
2607 2073 2685 2113 est
2704 2059 2754 2112 in

1728 2138 1967 2192 numeris
1980 2177 1995 2204 ,
2008 2151 2068 2191 ut
2086 2126 2463 2193 animadvertit
2478 2139 2759 2201 Broterius,

1731 2233 1785 2274 et
1810 2220 2093 2290 legendum
2116 2219 2217 2283 LI,
2237 2219 2350 2272 sive
2382 2221 2491 2273 LII
2523 2221 2641 2272 mill.
2664 2219 2757 2272 Su·

1731 2317 1829 2372 pra
1852 2297 1993 2351 enim
2017 2297 2223 2350 Plinius
2242 2334 2258 2361 ,
2299 2317 2420 2372 cap.
2454 2318 2604 2364 ηομ
2636 2299 2757 2352 Car-

1730 2379 1897 2450 patho
1927 2377 2099 2429 insula
2126 2375 2195 2429 ad
2217 2379 2654 2448 promontorium
2672 2377 2759 2430 Sa·

1734 2457 1977 2509 monium
1994 2495 2012 2521 ,
2036 2455 2201 2509 hodie
2220 2477 2341 2527 capo
2360 2457 2647 2531 Salamone,
2670 2475 2767 2509 nu-

1733 2537 1962 2590 meravit
1980 2555 2045 2589 Lx
2060 2536 2193 2589 mill.
2208 2536 2439 2591 Circiter
2452 2549 2630 2591 autem
2641 2553 2767 2602 vm,

1734 2615 1844 2669 sive
1867 2633 1927 2668 rx
1952 2615 2085 2668 mill.
2114 2634 2250 2688 pass.
2279 2617 2423 2670 inter
2440 2615 2757 2688 Carpathum

1736 2707 1791 2748 et
1846 2697 2282 2765 promontorium
2342 2697 2467 2752 Casi
2519 2695 2758 2751 Samonio

1736 2775 1970 2828 maxime
1992 2774 2229 2829 vicinum
2253 2790 2331 2830 est
2350 2776 2709 2830 intervallum.

1821 2853 1916 2908 56.
1964 2855 2189 2910 Petauoe.
2234 2857 2473 2909 Traxere
2511 2874 2702 2909 nomen
2724 2852 2759 2904 ii

1738 2933 1943 3004 scopuli
1956 2971 1972 2998 ,
1986 2933 2245 2989 insulaeve
2256 2975 2271 3000 ‚
2283 2955 2347 2989 ex
2360 2933 2567 3007 oppido
2580 2937 2635 2989 in
2644 2951 2763 2988 con·

1741 3013 1937 3084 tinenti
1982 3013 2201 3068 Euboeae
2252 3016 2543 3086 opposito,
2595 3025 2762 3068 contra

1742 3095 1968 3147 Sunium
2027 3095 2461 3164 promontorium
2502 3113 2517 3147 ε
2552 3094 2761 3148 natalia

1744 3171 1999 3227 Straboni
2020 3171 2250 3240 dicitur,
2272 3174 2366 3227 lib.
2394 3175 2613 3246 X,pag.
2640 3178 2763 3237 444.

1742 3253 1927 3306 ΒΑΜ).
1942 3283 2021 3295 ——
2042 3253 2171 3323 Spili
2190 3251 2352 3306 hodie
2376 3267 2650 3306 vocantur.
2666 3251 2757 3303 En.

1828 3331 1923 3402 57.
1952 3332 2209 3386 Atalante.
2239 3331 2415 3386 Hodie
2445 3333 2665 3385 Talami.
2690 3329 2760 3382 De

1746 3426 1807 3464 ea
1830 3411 2035 3481 egimus
2057 3412 2154 3466 lib.
2178 3413 2262 3478 11,
2288 3431 2407 3484 cap.
2438 3429 2539 3480 90.
2594 3408 2757 3460 Huw-

1830 3491 1925 3544 58.
1958 3490 2060 3544 Per
2096 3492 2257 3546 DCC
2276 3493 2353 3546 M.
2372 3531 2387 3544 .
2406 3531 2421 3544 .
2438 3495 2625 3562 jacent.
2650 3487 2759 3540 Hu-
2858 3513 2866 3528 ·

1746 3569 1840 3623 tila
1862 3569 1979 3622 hoec
2002 3572 2264 3625 sententia
2281 3571 2593 3638 est,omissa
2608 3565 2762 3621 latitu-

1748 3648 1889 3702 dinis
1912 3652 2212 3710 mentione,
2238 3652 2296 3703 in
2327 3651 2483 3704 libris
2510 3647 2759 3722 plerisque

1747 3729 1971 3800 vulgatis
1993 3749 2006 3783 :
2028 3733 2293 3802 integram
2321 3739 2757 3800 repraesentamus,

1750 3823 1867 3863 tum
1891 3827 2000 3881 ope
2024 3809 2275 3864 codicum
2304 3813 2437 3882 neg.
2469 3829 2522 3876 1,
2550 3803 2753 3872 2,Colb·

1759 3909 1782 3942 1
1848 3909 1875 3943 a
1896 3929 1912 3956 ‚
1945 3890 2110 3944 Paris.
2135 3889 2368 3945 chifflet.
2397 3889 2636 3942 Toletan.
2656 3897 2756 3935 tum

1748 3970 2047 4023 Parmensis
2084 3967 2332 4024 editionis
2350 4007 2367 4032 ,
2398 3981 2517 4022 tum
2546 3964 2755 4032 denique

1749 4049 1996 4103 Martiani
2037 4049 2351 4115 scribentis,
2378 4049 2477 4104 lib.
2520 4047 2628 4111 vl,
2652 4057 2761 4109 upa
